3186 5090
803 310 845 376 56

276 497 335 562 sed
358 498 452 562 etiam
476 496 679 583 dignitatem
689 498 723 578 ¹).
756 495 868 582 lpsum
890 496 973 560 etin
995 496 1273 584 iurisprudentiam
1294 508 1325 564 et
1345 499 1378 564 in

275 605 465 671 medicinam
488 605 631 672 laborem
656 605 843 672 insumsisse
867 627 966 692 snpra
986 607 1249 688 memoravimus3
1283 631 1376 694 qnae-

274 715 402 780 stionee·
427 714 467 779 ad
498 735 551 778 eas
582 715 781 801 pertinentes
810 714 947 800 singulis
979 714 1252 782 dissertationibus
1283 725 1376 802 atque

254 807 541 911 'disputationibus
562 823 722 903 tractavit3
757 823 911 904 virorum,
935 823 989 909 qui
1020 823 1155 890 diversis
1179 825 1376 912 temporibus

173 944 179 952 '
273 931 392 1000 inillis
416 931 645 1014 excelluerant
664 931 808 1018 plurium
832 929 938 996 studia
964 939 995 996 et
1021 931 1133 998 merita
1161 934 1301 1000 breviter
1322 933 1376 998 de-

275 1039 409 1125 scripsit.
435 1039 526 1120 Quos
549 1039 677 1106 labores
699 1039 834 1128 propius
857 1039 1041 1106 examinare
1065 1050 1097 1106 et
1117 1063 1178 1128 pro
1199 1041 1285 1106 illius
1305 1041 1375 1106 aevi

276 1148 457 1214 conditione
480 1148 665 1230 diiudicare,
690 1171 771 1236 opus
801 1151 885 1214 foret
905 1148 974 1212 viro
1003 1170 1114 1216 earum
1143 1149 1257 1216 artium
1281 1149 1377 1214 histo-

274 1256 341 1322 riae
360 1255 466 1343 perito
488 1256 620 1322 forsitan
641 1277 749 1342 neque
769 1257 881 1322 inutile
902 1275 1008 1342 neque
1029 1256 1288 1342 iniucundumtl.
1310 1258 1378 1323 Nos

277 1387 357 1450 quae
380 1365 470 1452 quasi
494 1365 572 1430 toris
594 1375 721 1432 exstant
740 1389 801 1453 pro
822 1374 933 1432 nostro
954 1366 1087 1431 consilio
1109 1366 1323 1454 excerpimus.

316 1471 513 1560 Saepissime
532 1473 757 1540 Melanchthon
787 1474 981 1540 sanctitatem
1012 1473 1080 1540 eius
1102 1496 1212 1540 rerum
1234 1475 1376 1562 publica-

272 1605 345 1648 rum
367 1581 486 1646 ordinis
509 1583 683 1670 praedicat,
712 1585 746 1648 in
769 1605 832 1669 quo
868 1583 1061 1670 explicando
1081 1592 1115 1648 et
1136 1583 1257 1648 tuendo
1279 1583 1376 1649 iuris-

274 1690 445 1778 prudentia
472 1699 626 1756 versatur.
679 1691 788 1773 „Initia
815 1692 899 1776 legis
929 1714 996 1756 non
1024 1701 1098 1757 sunt
1127 1715 1145 1756 a
1173 1691 1303 1760 Solonis
1324 1702 1379 1758 aut

275 1801 545 1866 Decemvirorum
565 1800 691 1882 tabulis,
713 1800 777 1880 imo
798 1823 840 1865 nc
859 1801 898 1866 ab
919 1800 982 1866 illis
1006 1801 1136 1888 quidem
1158 1802 1264 1866 saxeis
1285 1803 1373 1867 tabu·

275 1907 323 1973 lis.
367 1907 436 1976 Sed
456 1907 514 1973 lex
536 1917 584 1972 est
606 1918 735 1973 aeterna
755 1918 786 1974 et
804 1909 934 1974 immota
951 1907 1105 1997 sapientia
1127 1917 1159 1974 et
1169 1907 1286 1976 institia
1300 1909 1377 1992 Dei,

276 2019 366 2084 cuius
393 2017 475 2086 radii
503 2017 536 2083 in
567 2025 695 2084 naturas
717 2017 936 2105 intelligentes
960 2017 1064 2105 sparsi
1085 2027 1168 2101 sunt,
1192 2027 1228 2082 ut
1247 2028 1375 2084 nostrae

273 2125 389 2191 mentis
414 2134 444 2190 et
465 2126 566 2192 nostri
587 2148 695 2192 mores
720 2149 792 2192 cum
812 2136 919 2192 mente
943 2125 1048 2192 divina
1068 2132 1272 2213 congruant.“
1294 2125 1377 2208 „liae

276 2233 417 2315 notitiae,
441 2257 523 2322 quae
547 2235 732 2300 discernunt
754 2236 837 2300 iusta
857 2243 889 2300 et
910 2234 1027 2300 iniusta
1052 2257 1089 2300 ac
1109 2233 1237 2320 pariunt
1264 2217 1380 2300 doctri·

275 2367 347 2408 nam
372 2344 460 2426 iuris,
483 2353 556 2409 sunt
579 2344 736 2432 quaedam
758 2343 865 2430 imago
887 2343 951 2408 Dei
973 2351 1004 2408 et
1024 2342 1127 2429 magis
1143 2350 1263 2428 regunt
1282 2343 1376 2410 vitam
1409 2393 1412 2398 -

280 2475 373 2538 quam
397 2452 477 2518 aliae
499 2453 630 2520 notitiae
652 2476 710 2544 scu¹
743 2453 837 2520 ideae
860 2453 999 2518 artium.“
1053 2453 1125 2518 Hae
1156 2451 1380 2539 exprimuntur

275 2571 369 2647 atque
400 2561 592 2628 exhibentur
624 2561 781 2628 civitatum
813 2561 949 2648 legibus.
1003 2562 1111 2644 „Quas
1142 2561 1196 2648 qui
1229 2561 1379 2626 derident

280 2681 461 2758 excerpunt
481 2672 593 2736 mutila
615 2681 647 2736 et
667 2671 750 2736 levia
774 2671 934 2760 exempla.
984 2671 1052 2740 Sed
1074 2673 1175 2736 honae
1191 2671 1308 2736 mentis
1330 2679 1378 2736 est

274 2780 392 2847 intueri
423 2790 524 2846 totum
558 2781 750 2863 aedificium,
781 2789 885 2872 totum⁴
913 2779 1077 2868 politicum
1114 2779 1287 2861 ordinem“,
1322 2781 1376 2866 qui

274 2911 369 2974 „vere
394 2891 549 2978 sapientia
572 2901 659 2956 esta
681 2891 754 2956 Deo
779 2899 952 2957 monstrata
972 2889 1086 2976 generi
1106 2890 1273 2956 humanos
1307 2889 1377 2956 Hu-

275 3000 325 3066 ius
370 2999 489 3066 ordinis
528 2991 764 3088 contemptores
799 2998 981 3087 Cyclopum
1018 2997 1159 3085 imagine
1198 2998 1379 3087 depingere

176 3109 180 3114 ’
280 3117 372 3189 amat,
396 3108 449 3194 qui
472 3117 545 3173 sunt
568 3111 617 3196 (ut
640 3117 688 3176 est
709 3109 796 3196 apud
815 3111 956 3196 poetam)

488 3217 632 3295 νομάδες·
655 3217 762 3279 ἀκούει
784 3217 887 3291 οὐδεὶς
911 3216 1002 3280 οὐδὲν
1026 3215 1161 3290 oddeao'c·

277 3345 477 3410 quorumque
497 3333 637 3392 mentem
658 3325 719 3392 iam
739 3325 875 3394 Homeri
895 3348 1008 3392 versus
1031 3325 1198 3414 signifieat,
1218 3349 1236 3390 a
1255 3325 1377 3392 Melan·

277 3432 413 3500 chthone
436 3434 531 3499 latine
556 3437 603 3500 sic
623 3436 787 3502 redditus:

383 3541 482 3608 Nulla
504 3542 590 3608 Iovis
613 3542 793 3630 Cyclopum
817 3544 940 3609 animos
962 3542 1144 3610 reverentia
1166 3543 1279 3630 tangit.

319 3651 438 3716 Contra
461 3652 617 3718 eiusmodi
639 3661 840 3720 contumaces
859 3655 1005 3720 homines
1021 3655 1133 3740 legum
1148 3652 1290 3718 vindices
1306 3652 1373 3736 gla-

280 3758 333 3824 dio
361 3759 470 3824 armati
497 3769 580 3825 sunt.
621 3762 727 3843 „Vere
753 3761 837 3828 enim
868 3763 910 3828 ait
939 3763 1135 3842 Aeschinem
1168 3761 1249 3828 nihil
1269 3761 1378 3826 valere

276 3867 422 3955 politiam
443 3889 508 3934 non
533 3868 704 3936 habentem
724 3891 843 3938 nervos
865 3881 973 3938 eontra
994 3871 1220 3938 facinorosos.“
1268 3869 1378 3952 „Neve

260 4137 261 4142 =
333 4109 359 4178 1)
377 4108 416 4160 xi
434 4109 494 4164 162.
513 4108 557 4178 (cf.
576 4108 646 4177 218).

332 4205 358 4274 2)
377 4203 416 4259 Gt.
436 4203 467 4259 G.
486 4204 520 4258 1).
538 4203 696 4259 Hoffmanni
713 4202 904 4260 iurisconsulti
920 4202 1054 4260 indicium
1071 4204 1089 4260 l.
1108 4223 1133 4260 o.
1151 4221 1179 4274 p.
1197 4203 1241 4260 ¹17.
