3186 5090
729 375 770 438 37

201 555 332 623 urbibus
355 555 574 640 Hamburgae,
604 553 763 637 Lubecac,
795 555 1033 640 Norimbergae
1067 577 1155 620 suam
1189 554 1304 642 cuique

200 665 331 729 laudem
353 663 472 730 tribuit.
515 663 606 729 Haec
628 665 733 730 omnia
755 665 843 751 quasi
865 665 1029 732 confluunt
1049 665 1098 742 iu.
1108 665 1299 740 deliniendis

202 773 372 838 universae
395 771 586 838 Germaniae
608 773 730 840 viribus
753 782 784 838 et
805 773 930 839 officiis.
964 775 1015 838 Ex
1038 774 1184 840 libertate
1206 783 1301 860 atque

201 881 381 946 sinceritate
406 879 575 947 Germanis
597 880 728 967 propria
752 882 853 968 ipsam
875 882 1029 948 eeclesiae
1045 881 1304 947 reformationem

202 989 334 1055 derivat.
377 987 483 1056 Simul
505 1011 583 1054 vero
606 989 727 1075 ubique
748 999 905 1055 terrarum
928 991 960 1054 in
983 991 1128 1055 omnibus
1150 988 1300 1074 gentibus

199 1097 265 1162 Dei
287 1098 371 1162 dona
393 1097 576 1182 quaerenda
598 1106 629 1160 et
657 1099 862 1183 agnoscenda
887 1121 957 1162 esse
983 1097 1108 1162 iudicat.
1161 1097 1303 1182 Augliae

201 1206 320 1292 gratias
348 1206 457 1288 refert,
482 1205 569 1289 quod
600 1207 675 1270 inde
702 1206 836 1288 litterae,
866 1207 961 1272 armis
984 1205 1129 1274 Gothicis
1153 1207 1222 1272 fore
1247 1228 1302 1270 ox·

201 1315 342 1396 stinctae,
366 1316 399 1379 in
427 1324 527 1380 totum
550 1317 663 1380 orbem
691 1314 806 1379 iterum
829 1324 1026 1402 propagatae
1048 1315 1118 1379 sint.
1172 1314 1209 1378 ln
1232 1316 1302 1401 pul-

201 1425 360 1490 cherrimo
374 1424 619 1509 Francogalliae
638 1446 742 1510 regno
762 1434 909 1509 tanquam
932 1447 1090 1488 summum
1109 1424 1176 1489 eius
1204 1425 1301 1490 decus

198 1533 378 1620 principem
401 1533 592 1598 academiam
617 1533 702 1599 orbis
731 1543 898 1615 terrarum,
924 1555 1004 1618 quse
1027 1533 1186 1618 quondam
1209 1532 1302 1596 etiam

198 1641 307 1706 Italiae
329 1641 559 1723 antecelluerit,
581 1641 805 1706 celebrandam
823 1650 920 1726 putat.
966 1641 1019 1706 Ad
1042 1641 1182 1706 Venetos
1207 1663 1298 1726 quos·

201 1751 275 1814 dam
300 1749 470 1834 cvangelio
495 1749 639 1814 addictos
663 1749 816 1829 scribone,
842 1750 919 1834 quid
939 1749 973 1813 in
999 1749 1163 1835 republica
1189 1771 1299 1813 eorum

200 1857 391 1923 laudabilius
413 1858 454 1921 sit
478 1879 657 1922 memorare
678 1880 743 1922 non
761 1857 990 1942 praetermittit.
1018 1857 1215 1922 Florentiam
1236 1865 1300 1920 tan-

199 1989 292 2052 quam
324 1965 436 2030 artium
469 1974 500 2030 et
530 1966 704 2051 praecipue
731 1988 918 2051 graecarum
941 1966 1115 2031 litterarum
1136 1975 1302 2052 patronam

199 2075 361 2140 describit.
415 2073 550 2138 Romam
577 2074 692 2138 urbem
727 2084 848 2160 captam
884 2083 914 2138 et
947 2073 1119 2140 crudeliter
1150 2082 1300 2138 vastatam

198 2204 271 2248 esse
293 2203 390 2267 quum
417 2205 540 2247 summa
561 2181 784 2266 indignatione
809 2182 954 2262 audierit,
980 2182 1055 2247 licet
1076 2181 1143 2248 eius
1166 2181 1309 2269 pravita-'

130 2270 134 2278 Ι
198 2300 379 2377 temetque
410 2290 647 2376 corruptionem
677 2311 792 2356 severe
823 2290 966 2376 castiget,
996 2299 1103 2355 tamen
1126 2301 1299 2372 eteorum,

200 2401 315 2484 quibus
340 2402 423 2465 bene
447 2398 659 2485 degentibus
683 2399 843 2480 meruerit,
865 2421 931 2464 non
955 2400 1162 2466 obliviscitur.
1214 2399 1301 2480 Quin

199 2509 265 2573 imo
287 2508 320 2572 in
341 2509 412 2595 ipso
432 2508 489 2571 illo
511 2508 597 2572 dono
619 2504 832 2593 gbberuandi,
855 2530 916 2593 quo
939 2508 1106 2595 pontifices
1129 2530 1301 2595 perperam

199 2603 297 2704 saepe
319 2617 367 2681 usi
400 2626 482 2699 sunt,
508 2617 583 2682 boni
615 2617 736 2702 aliquid
756 2617 910 2702 agnoscit,
934 2617 1087 2684 adnotans
1109 2619 1299 2682 nonsolum

199 2725 419 2792 celsitudinem
443 2726 619 2788 animorum
645 2746 715 2789 esse
745 2726 778 2788 in
802 2724 887 2790 Italis
917 2735 948 2790 et
971 2726 1155 2791 dominandi
1178 2726 1298 2813 eupidi-

196 2815 303 2916 tatem,
323 2835 381 2900 sed
404 2834 593 2900 industriam
615 2835 708 2899 etiam
729 2835 841 2900 utilem
861 2834 893 2898 in
914 2834 1156 2920 gubernatione.
1183 2833 1298 2921 Neque

199 2943 312 3008 omittit
332 2965 384 3008 res
408 2952 568 3024 externas,
593 2965 672 3029 quae
694 2943 770 3008 inde
788 2968 806 3008 a
828 2940 981 3027 Gregorii
998 2943 1022 3007 Ι.
1045 2944 1240 3029 temporibus
1262 2945 1296 3010 in

169 3047 171 3052 ’
202 3051 409 3118 Pontificibus
430 3050 598 3137 ingenium
620 3051 701 3116 illud
725 3050 908 3116 dominandi
930 3053 1079 3120 fovebant
1099 3062 1192 3138 atque
1216 3053 1300 3119 exci-

200 3163 315 3226 tabant.
374 3159 525 3237 „Multum
561 3181 626 3241 eos,
658 3159 769 3243 inquit,
799 3168 830 3222 et
859 3160 971 3225 umbra
1002 3159 1174 3245 dignitatis,
1207 3183 1298 3246 quam

200 3268 304 3333 adbuc
333 3277 493 3353 utcunque
527 3270 603 3335 urbs
634 3267 736 3332 Roma
774 3268 942 3349 retinebat,
969 3267 1097 3352 adiuvit,
1132 3278 1163 3334 et
1190 3269 1299 3334 Italico

198 3375 318 3462 populi,
353 3398 449 3461 quum
474 3374 613 3442 Graecos
640 3376 850 3462 imperatores
875 3384 906 3440 et
931 3376 1083 3441 exarchae
1107 3376 1187 3442 iuste
1213 3378 1296 3443 odis-

199 3493 280 3566 sent,
309 3484 512 3552 intuebantur
540 3486 627 3550 illam
658 3493 801 3550 veterem
820 3493 930 3550 'arcem
954 3485 1088 3550 Romam
1111 3495 1142 3550 et
1164 3488 1298 3552 auctori-

198 3600 260 3656 tato
286 3592 478 3664 Pontificum
501 3593 693 3679 peregrinos
722 3614 818 3677 reges
853 3593 979 3678 placare
1004 3592 1189 3659 studebant“
1199 3593 1235 3678 1).
1258 3631 1297 3646 --
1413 3681 1417 3692 1

200 3704 304 3786 Quam
339 3704 514 3790 diligenter
551 3705 643 3770 etiarn
678 3705 710 3768 in
748 3705 911 3770 veteribus
949 3703 1117 3787 Romania,
1155 3703 1297 3788 Graecis,

196 3813 328 3880 Ebraeis
353 3813 459 3878 divina
489 3814 582 3897 dona,
613 3814 707 3880 totius
737 3815 867 3900 generis
894 3814 1025 3880 humani
1056 3816 1223 3882 commodo
1250 3815 1296 3880 in-

197 3923 379 4005 servientia,
405 3922 584 4007 quaesierit,
608 3947 705 4012 supra
726 3923 899 4010 tetigimus.

198 4087 397 4098 ——-.

250 4178 276 4246 1)
292 4176 331 4230 Xl
349 4177 410 4232 439.
431 4173 492 4232 374.
513 4189 588 4245 seqq.
608 4175 669 4230 383.
688 4189 764 4243 seqq.
782 4173 822 4228 111
844 4173 905 4228 464.
926 4175 986 4231 115.
1010 4173 1049 4230 XI
1069 4177 1129 4232 108.
1149 4193 1206 4246 seq.
1232 4177 1292 4233 374.

197 4273 238 4327 ΙΙΙ
254 4272 316 4328 748.
332 4271 371 4325 XI
391 4273 451 4330 109.
471 4272 531 4328 130.
551 4285 626 4344 seqq.
645 4268 697 4326 ΧΠ
715 4271 774 4328 202.
792 4285 867 4341 seqq.
