3186 5090
710 419 713 424 ,
809 351 851 416 48

282 532 506 598 transformant
514 533 549 596 in
556 530 793 620 philosophiam
803 553 861 597 seu
877 531 1050 598 doctrinam
1061 531 1189 598 rationis
1200 533 1383 602 hnmanae.“

187 709 191 716 ,
281 639 350 705 Hos
372 641 456 706 enim
477 641 672 724 „offirndere
700 640 870 726 caliginem
894 640 1073 726 evangelio,
1097 641 1162 706 imo
1185 644 1323 709 obruere
1348 667 1385 710 ac

283 750 392 815 delere
415 750 655 836 evangelium.“
703 747 828 814 [ladem
856 748 908 814 via
935 748 1092 814 Iulianum
1114 751 1302 836 Apostatam
1338 753 1384 817 in-

282 861 416 926 cessisse
439 859 576 942 adnotat,
600 859 663 944 qui,
688 881 785 943 quum
807 859 849 922 ita
871 859 1030 945 acciperet
1044 859 1244 946 scripturam,
1269 864 1383 946 „quasi

280 969 361 1032 nihil
382 969 469 1033 alind
492 968 624 1034 doceret
636 968 697 1032 nisi
714 968 842 1060 rationis
860 968 1017 1032 humanae
1033 968 1242 1050 doctrinam“,
1264 968 1382 1050 „Chri-

280 1079 397 1142 stianos
422 1079 565 1164 arguerit
586 1078 737 1158 inscitiae,
762 1076 848 1162 qnod
871 1076 954 1141 male
967 1076 1137 1141 intellectis
1155 1077 1268 1162 figuris
1283 1078 1382 1164 scrip-

280 1198 371 1253 turae
393 1187 531 1252 absurda
553 1187 704 1272 dogmata
725 1186 952 1273 peperissent“
965 1188 1002 1272 ¹).

320 1296 583 1382 ingeniosissime
613 1319 690 1362 vero
726 1297 898 1362 ostendere
933 1296 1049 1377 studet,
1079 1295 1179 1380 ipsam
1211 1297 1378 1379 rationem,

280 1407 334 1472 ubi
367 1407 473 1473 sobria
502 1407 551 1488 sit,
581 1428 646 1471 non
675 1407 827 1492 ignorare
860 1405 1010 1470 scientiae
1041 1407 1197 1472 hnmanae
1228 1407 1382 1472 terminos

279 1527 555 1602 atquemarceres.
597 1515 838 1603 „Philosophia
864 1514 975 1600 inquit,
999 1514 1087 1599 quasi
1103 1517 1229 1580 attonita
1248 1515 1380 1580 miratur

280 1625 367 1688 unde
399 1625 439 1688 sit
466 1634 552 1689 tanta
582 1623 782 1690 imbecillitas
809 1623 842 1686 in
875 1632 986 1688 natura
1014 1622 1213 1688 hominnm.“
1263 1621 1383 1704 „Unde

282 1734 405 1798 exsistit
424 1734 504 1799 haec
524 1756 589 1797 nou
611 1733 691 1797 levis
721 1732 845 1797 sarcina
866 1731 1040 1826 vitiorum?
1073 1733 1160 1796 unde
1181 1740 1244 1796 tam
1267 1733 1382 1798 foedae

283 1843 470 1930 cupiditates
493 1851 709 1928 repugnantes
732 1837 849 1906 indicio
872 1841 1011 1905 mentis?
1067 1839 1162 1906 Unde
1187 1851 1307 1907 tantum
1331 1866 1378 1908 ea·

281 1951 453 2017 lamitatnm
483 1952 516 2015 in
539 1952 599 2016 hac
620 1951 708 2016 vita?
767 1950 843 2032 Cur,
874 1972 970 2034 qnnm
1000 1959 1125 2016 ceterae
1148 1973 1210 2033 res,
1247 1952 1382 2032 coelum,

280 2069 375 2140 terra,
400 2059 536 2145 plantae,
555 2057 732 2139 animantia,
757 2058 821 2122 suis
846 2080 990 2144 quaeque
1004 2058 1132 2143 legibus
1145 2061 1380 2145 obtemperent,

280 2168 367 2232 solus
390 2168 486 2232 homo
516 2192 534 2232 a
562 2189 597 2231 se
627 2167 697 2253 ipso
729 2166 870 2248 dissidet,
905 2167 992 2231 solus
1024 2189 1197 2259 oppressus
1223 2176 1270 2231 est
1289 2167 1381 2231 tantis

279 2277 450 2358 aerumnis,
468 2275 508 2340 'nt
531 2298 583 2340 eas
604 2276 712 2340 nullae
733 2275 919 2360 tragoediae
942 2276 1016 2340 satis
1040 2276 1215 2362 deplorare
1235 2276 1382 2361 possint?

281 2384 393 2450 Cernit
415 2385 618 2471 philosophia
639 2386 721 2451 hanc
754 2385 859 2451 labem
892 2385 1022 2451 humani
1051 2387 1201 2470 generis:
1235 2386 1293 2450 sed
1323 2408 1383 2450 nec

280 2495 366 2560 unde
389 2494 437 2577 sit,
461 2517 522 2560 nec
544 2515 624 2580 quae
646 2494 708 2559 sint
729 2494 872 2571 remedia
894 2495 1066 2566 ostenditf‘
1118 2492 1159 2558 Et
1181 2494 1256 2560 alias
1279 2515 1379 2580 expo-

279 2605 345 2668 sitis
368 2605 407 2668 iis
427 2605 633 2696 argumentis,
655 2603 793 2688 „quihus
815 2603 893 2668 moti
913 2605 1055 2669 saniores
1078 2603 1262 2691 philosophi
1285 2603 1380 2667 senti-

280 2723 334 2778 ant
355 2714 623 2779 immortalitatem
646 2712 859 2778 animarum“:
893 2713 1100 2798 „Huensqne,
1123 2712 1224 2797 inquit
1248 2713 1380 2794 addens,

279 2823 426 2909 procedit
444 2821 663 2909 philosophia3
700 2822 820 2906 aliquid
842 2833 1018 2908 auguratur
1046 2832 1077 2886 ct
1099 2824 1195 2890 habet
1225 2823 1382 2887 coniectu-

278 2955 346 2996 ram
367 2931 503 3016 aliquam
527 2931 567 2996 dc
596 2931 829 2998 immortalitate
858 2932 1167 3016 quantulamcunque
1190 2941 1221 2996 et
1243 2931 1382 3016 qualem·

282 3046 441 3126 cunque.“
494 3040 647 3123 „Fatetur
677 3041 882 3128 philosophia
916 3064 989 3106 suas
1025 3043 1175 3106 tenebras
1212 3049 1244 3106 ct
1276 3048 1382 3104 tamen

279 3150 425 3234 agnoscit
454 3150 560 3235 aliqua
589 3160 674 3216 certa
706 3149 851 3215 doctrina
879 3173 960 3236 opus
982 3171 1053 3215 esse
1085 3150 1126 3214 de
1148 3147 1383 3214 immortalitate

278 3257 454 3341 hominnm,
480 3259 521 3324 do
542 3258 617 3323 Deo
638 3259 806 3346 placando,
831 3259 872 3323 de
894 3259 1094 3324 invocatione
1117 3258 1190 3338 Dei,
1216 3258 1257 3322 de
1288 3277 1378 3342 prae-

280 3367 381 3432 sentia
401 3367 465 3432 Dei
487 3369 520 3432 in
544 3369 689 3436 omnibus
713 3368 883 3451 aerumnis,
920 3369 961 3434 de
988 3369 1050 3433 vita
1075 3367 1278 3452 aeternam).
1321 3364 1381 3429 lta-

282 3497 343 3560 que
361 3496 407 3558 ea,
430 3499 510 3561 quae
530 3477 598 3564 ipsa
621 3477 825 3565 philosophia
849 3463 1019 3558 desiderat,
1036 3477 1129 3542 affert
1149 3485 1242 3560 atque
1263 3495 1381 3560 suppe-

283 3583 362 3648 ditat
387 3586 601 3671 evangelium.

325 3691 423 3772 Quod
444 3716 521 3758 vero
553 3695 637 3759 inter
666 3716 714 3777 ea,
744 3717 836 3780 qnae,
861 3704 897 3758 ut
927 3694 970 3759 ait
1000 3693 1095 3758 Picus
1125 3690 1380 3772 Mirandolensis,

281 3800 484 3888 philosophia
505 3805 636 3888 quaerit,
653 3805 770 3890 religio
790 3804 943 3890 possidet,
957 3803 1061 3888 primo
1074 3803 1145 3868 loco
1159 3800 1381 3868 lllelanehthon

282 4015 482 4027 *—

337 4139 750 4211 wammmm.

338 4262 365 4333 a)
382 4263 422 4316 ru
440 4263 500 4318 aaa.
519 4262 580 4318 aas.
598 4278 655 4331 seq.
675 4261 766 4316 xxrv
783 4261 845 4317 roo.
864 4277 921 4330 aeq.
983 4227 987 4235 ’
1038 4333 1044 4344 Α
