3186 5090
735 387 777 453 29

254 569 425 658 Approbat
447 578 592 650 veteres,
617 568 671 655 qui
697 566 931 656 philosophiam
956 566 1174 633 distribuerint
1192 566 1225 630 in
1246 567 1310 632 dia-

204 680 351 762 lecticen,
381 680 539 766 physicen
572 687 603 742 et
628 678 762 744 ethicen.
817 679 884 743 Has
906 687 1014 764 partes
1043 675 1249 764 principales,
1276 684 1308 740 et

206 798 374 876 praeterea
399 789 572 854 doctrinam
604 789 645 854 de
667 787 778 863 anima,
802 787 939 874 singulis
971 809 1130 874 quumque
1160 785 1309 874 exposuit

207 898 307 981 libris,
331 899 385 985 qui
406 922 466 964 sno
487 908 634 984 tempore
655 897 848 964 ereberrime
871 897 1063 982 legebantur
1085 905 1116 961 et
1135 895 1168 960 in
1190 895 1308 960 scholis

206 1011 477 1098 proponebantur.
518 1007 713 1072 Dialectieon
727 1031 798 1072 cum
812 1007 942 1071 Platone
955 1029 1052 1070 unam
1067 1005 1203 1071 docendi
1217 1014 1249 1069 et
1262 1005 1307 1070 di·

210 1117 320 1184 scendi
334 1117 417 1183 viam
431 1116 506 1182 dieit
527 1116 676 1180 divinitus
692 1116 838 1181 donatam
853 1116 967 1202 generi
982 1116 1131 1180 humane.
1154 1114 1222 1183 Sed
1236 1136 1308 1178 eum

208 1227 313 1293 studio
329 1251 423 1292 usum
436 1225 695 1312 coniungendam
709 1248 780 1292 csse
798 1226 956 1290 admonet.
985 1224 1141 1306 ,Quidam
1155 1224 1308 1311 perlectis

206 1338 386 1425 praeceptis
409 1336 482 1401 artis
504 1336 605 1401 statim
622 1357 656 1400 se
671 1345 771 1401 artem
786 1345 898 1400 tenere
913 1343 1034 1422 putant,
1051 1337 1103 1421 qui
1121 1334 1309 1420 longissime

208 1446 371 1512 falluntur.
396 1445 486 1514 Sicut
498 1468 562 1510 non
576 1446 678 1511 statim
692 1445 795 1532 pictor
808 1455 864 1526 est,
879 1445 932 1530 qui
945 1445 1110 1509 Durerum
1124 1443 1309 1530 pingentem

210 1555 300 1637 vidit,
324 1576 385 1618 nee
406 1554 619 1635 citharoedus,
635 1553 689 1639 qui
710 1553 788 1618 vidit
802 1553 990 1640 Adolphum
1015 1550 1228 1617 eruditissime
1244 1560 1309 1615 tan-

210 1672 340 1751 gentem
363 1663 455 1745 fides,
476 1663 518 1728 ita
541 1685 583 1727 ne
605 1671 695 1748 putet
717 1684 751 1728 se
775 1662 960 1728 dialecticen
975 1662 1092 1726 callere
1112 1660 1149 1742 is,
1163 1661 1216 1746 qui
1231 1660 1309 1725 nihil

209 1772 345 1860 scripsit,
367 1794 431 1837 non
454 1771 633 1858 disputavit,
654 1771 796 1857 denique
819 1771 872 1858 qui
895 1780 994 1837 artem
1015 1794 1079 1837 non
1102 1771 1308 1854 exercuit‘t').

208 1880 452 1968 hletaphysieas,
483 1903 561 1966 quas
590 1880 687 1962 aiunt,
711 1881 912 1966 quaestiones
935 1880 1069 1946 diuersis
1091 1880 1169 1944 loeis
1193 1889 1309 1945 tractat.

211 1991 309 2073 Quod
352 1991 392 2055 ad
430 1990 587 2077 principia
619 1990 745 2071 attinet,
778 1990 848 2054 iure
882 2011 954 2055 eum
992 1989 1210 2076 Schellingius
1243 1999 1310 2054 tnu-

215 2124 308 2186 quam
329 2099 507 2188 principem
538 2098 696 2185 quendam
718 2099 877 2181 ,veteris“,
912 2122 1006 2186 quam
1034 2099 1124 2180 dicit,
1148 2098 1310 2164 doetrinae

211 2209 448 2295 metaphysicae
480 2216 667 2272 sectatorem
695 2207 727 2271 in
758 2207 900 2272 medium
927 2211 1068 2295 profert,
1103 2206 1223 2294 quippe
1256 2205 1311 2293 qui

212 2317 365 2399 statuerit,
395 2339 522 2399 ,causas
547 2317 743 2382 certitudinis
765 2317 797 2380 in
818 2317 1021 2404 philosophia
1042 2338 1113 2382 esse
1140 2316 1310 2403 experien-

212 2428 287 2493 tiam
307 2427 533 2508 universalem,
555 2426 711 2514 principia
735 2435 765 2490 et
782 2426 1080 2505 demonstrationes,
1102 2424 1311 2493 dubitandum

213 2558 284 2601 esse
308 2536 349 2600 de
369 2535 418 2618 iis,
443 2558 525 2621 quac
546 2557 612 2601 non
633 2535 695 2600 sint
723 2555 820 2600 sensu
843 2545 1015 2621 comperta,
1038 2556 1100 2600 nee
1131 2533 1193 2600 sint
1224 2533 1311 2621 prin-

213 2645 303 2733 cipia,
326 2666 387 2710 noc
407 2645 469 2710 sint
491 2643 759 2710 demonstratione
784 2643 1028 2731 confirmatam).
1044 2683 1087 2692 -
1111 2642 1243 2708 Ethicae
1266 2641 1312 2707 di·

212 2753 366 2839 sciplinae
387 2775 453 2818 non
467 2761 586 2817 tantum
600 2751 670 2840 ipse
693 2751 852 2818 elementa
868 2752 1003 2839 scripsit,
1021 2752 1079 2818 sed
1096 2753 1189 2819 etiam
1203 2753 1312 2833 libros,

213 2861 267 2948 qui
288 2862 328 2928 ad
350 2883 420 2926 eam
441 2869 600 2947 spectant,
622 2861 806 2926 Aristotelis
828 2869 860 2924 et
881 2861 1046 2927 Ciceronis
1072 2862 1195 2927 erudite
1217 2862 1312 2927 inter-

211 2979 354 3057 pretatus
377 2978 434 3034 est.
477 2967 586 3056 Leges
608 2978 674 3033 tum
695 2969 846 3055 physicas
871 2977 936 3034 tum
958 2970 1094 3036 morales
1118 2979 1149 3035 et
1168 2970 1314 3058 politicas

214 3077 344 3166 saepius
376 3078 466 3164 quasi
497 3078 556 3145 sibi
584 3077 720 3143 invicem
753 3079 987 3165 respondentes
1018 3088 1049 3144 et
1077 3088 1113 3144 ut
1140 3079 1183 3144 ita
1212 3079 1333 3146 dieam⁶

214 3188 383 3274 parallelas
404 3196 632 3274 repraesentat
676 3187 736 3269 ,Ut
756 3188 808 3252 hic
828 3188 1075 3275 pulcherrimus,
1098 3188 1209 3274 inquit,
1233 3189 1314 3255 ordo

212 3297 336 3383 positus
359 3319 541 3384 corporum,
566 3296 657 3378 coeli,
680 3298 772 3377 a'e'ris,
803 3305 908 3362 terrae
942 3296 1151 3362 circumfusae
1184 3319 1314 3379 oceano,

217 3414 248 3469 et
268 3414 304 3470 ut
334 3405 413 3471 erdo
434 3413 578 3470 motuum
610 3405 807 3486 coelestium,
831 3407 884 3490 qui
916 3405 1002 3470 vices
1023 3407 1214 3492 temporum,
1245 3404 1314 3471 dies

213 3522 245 3578 et
265 3522 386 3595 noctes,
408 3522 544 3580 aestates
566 3522 597 3578 et
624 3514 760 3598 hyemes
784 3513 894 3595 eflicit,
918 3514 987 3579 sine
1019 3514 1087 3579 ulla
1119 3514 1314 3579 dubitatione

214 3623 322 3688 aDeo
337 3622 482 3688 conditus
505 3631 552 3688 est
578 3631 609 3687 et
631 3631 853 3688 conservatur:
875 3622 917 3688 ita
937 3631 1037 3688 totum
1060 3624 1146 3688 hune
1167 3623 1314 3689 ordinem

213 3731 389 3818 politicum,
412 3730 527 3796 foedus
550 3729 701 3816 coniugii,
731 3729 875 3817 imperia,
907 3731 1109 3797 dominorum
1143 3730 1314 3796 distinctio·

213 3861 299 3920 nem,
320 3847 509 3920 contractus,
538 3837 663 3915 iudicia,
692 3859 826 3924 poenas,
850 3838 1016 3903 verissime
1045 3847 1162 3904 statuas
1193 3863 1211 3904 a
1240 3839 1315 3904 Deo

213 3947 389 4015 institutum
413 3954 513 4014 esse.“
565 3947 673 4028 ,Sicut
708 3948 900 4014 astronomia
927 3957 975 4012 est
1005 3949 1144 4036 cognitio
1172 3957 1316 4016 motuum

268 4189 377 4258 1)X111
395 4189 456 4243 aaa.
476 4186 502 4240 x
520 4188 581 4242 aea.
598 4187 638 4240 xl
656 4187 717 4243 161.

267 4284 293 4353 2)
314 4283 478 4354 Sebelling’s
495 4283 607 4351 Werke,
627 4287 652 4340 2.
671 4283 852 4354 Abtbeilung,
870 4281 949 4336 Bend
967 4281 981 4334 I
997 4299 1025 4352 p.
1044 4282 1106 4337 261.
