3186 5090
822 328 862 392 72

283 507 408 571 solitam
432 507 581 593 agricolis
603 509 793 604 concionari.
833 511 879 576 Ita
900 511 978 576 mihi
1000 513 1128 578 videtur
1150 514 1385 600 propemodum

282 616 376 702 pulsa
394 637 437 680 ex
460 616 550 697 aulis,
574 637 616 680 ex
638 618 718 699 foro,
743 641 785 682 cx
807 620 936 704 templis
960 629 991 685 et
1013 621 1081 686 aliis
1102 622 1268 686 hominum
1290 621 1385 688 coeti·

283 730 341 806 bus¹
371 729 507 800 Astraea
536 728 642 796 adhuc
668 731 805 796 haerere
830 731 863 802 iu
884 730 1013 796 scholis.
1053 729 1210 796 Doctrina
1241 728 1384 796 liberalis

282 835 381 900 flectit
400 837 530 923 ingenia
556 838 597 903 ad
623 838 783 904 virtutem.
833 837 905 904 Nec
933 841 1001 904 fere
1027 838 1193 924 quisquam
1224 839 1305 904 adeo
1338 845 1386 912 est

281 1051 337 1116 fiat
357 1052 473 1116 mitior.
526 1053 658 1119 Deinde
679 1055 761 1119 illud
780 1054 941 1119 affirmare
963 1053 1074 1137 ausim,
1099 1075 1173 1120 eum
1195 1053 1248 1139 qui
1268 1053 1302 1117 in
1320 1061 1384 1116 stu-

282 1158 343 1222 diis
368 1161 500 1226 assuefit
520 1161 562 1225 ad
582 1152 750 1228 amandam
773 1171 804 1228 ct
830 1161 1054 1247 inquirendam
1075 1161 1251 1244 veritatem,
1278 1183 1385 1228 amare

283 1267 456 1332 candorem
489 1292 527 1334 ac
557 1270 792 1356 simplicitatem
825 1271 919 1335 etiam
948 1270 981 1334 in
1016 1270 1159 1336 moribus
1189 1279 1221 1334 et
1249 1269 1283 1333 in
1312 1268 1383 1334 vita.

280 1371 348 1440 Sed
382 1374 528 1442 doctrina
558 1377 730 1463 sophistica
766 1377 920 1464 depravat
955 1378 1162 1458 voluntatem,
1196 1376 1384 1442 transfertur

281 1482 366 1547 enim
395 1484 606 1550 calumniandi
630 1485 776 1550 'studium
805 1486 984 1552 admones.
1040 1483 1083 1550 Ut
1106 1494 1212 1552 autem
1240 1484 1382 1570 quisquis

280 1600 328 1656 est
350 1592 610 1674 studiosissimus,
633 1594 677 1660 ita
702 1595 841 1660 maxime
868 1595 1017 1660 incensus
1042 1602 1091 1658 est
1110 1615 1220 1658 amore
1240 1592 1382 1664 veritatis

281 1707 313 1763 ct
336 1700 530 1784 sophistices
554 1701 622 1766 odit
647 1703 811 1768 acerrime.
853 1701 1066 1766 Dulcissimus
1089 1711 1196 1766 autem
1219 1701 1382 1773 convictus

280 1815 329 1871 est
350 1828 423 1870 oum
447 1809 580 1874 eruditis
614 1819 646 1875 et
673 1811 828 1892 candidis,
860 1810 913 1895 qui
935 1810 1135 1896 prospiciunt
1164 1809 1241 1894 quid
1270 1809 1383 1874 deceat

279 1927 310 1982 et
329 1929 415 1984 certa
436 1920 572 2004 quadam
592 1918 714 1984 rationo
730 1919 937 1985 moderantur
951 1939 1062 1984 omnes
1077 1918 1217 1984 actiones
1236 1925 1267 1982 et
1284 1917 1383 1982 animi

277 2033 415 2117 impetus
438 2032 526 2116 quasi
549 2035 640 2096 freno
663 2039 791 2118 regunt.
834 2031 943 2116 ltaque
965 2051 1026 2096 neo
1057 2030 1218 2096 dulciores
1240 2051 1302 2096 neo
1327 2029 1380 2094 fir-

277 2139 395 2204 miores
417 2149 491 2204 sunt
512 2121 666 2204 amicitiae
696 2161 790 2223 quam
812 2138 1065 2224 philosophicae,
1097 2138 1160 2202 hoc
1192 2146 1250 2219 est,
1276 2135 1381 2202 erudi-

276 2257 384 2312 torum
404 2247 559 2312 amicitiae
583 2257 615 2312 et
635 2248 786 2312 societate
807 2246 985 2311 studiorum
998 2254 1185 2311 contractae.
1206 2243 1257 2310 Ne
1279 2243 1383 2310 Lactii

282 2355 413 2438 quidem
439 2364 470 2419 ct
490 2353 649 2441 Scipionis
670 2355 806 2420 amicitia
832 2364 951 2419 tantum
983 2354 1143 2418 suavitatis
1170 2353 1333 2419 habuisset
1355 2351 1383 2415 si

282 2465 416 2528 fuissent
439 2459 613 2544 dpooooaf‘
655 2463 777 2546 „Quod
803 2486 881 2528 voro
902 2463 993 2528 multi
1017 2463 1103 2528 aiunt
1124 2462 1315 2530 simultatem
1336 2461 1384 2524 in-

278 2583 328 2638 ter
349 2573 517 2637 Platonem
540 2582 571 2638 et
588 2574 797 2638 Aristotelem
817 2573 924 2653 fuisse,
947 2571 1004 2636 etsi
1027 2594 1093 2635 non
1113 2570 1217 2637 libero
1239 2570 1384 2637 homines

279 2679 426 2745 omnibus
451 2680 545 2760 vitiis,
567 2689 675 2744 tamen
699 2702 761 2766 ego
783 2679 892 2746 iudicii
912 2677 1202 2743 dissimilitudinem
1224 2679 1382 2744 deforma

280 2789 441 2854 doctrinae
462 2789 599 2856 arbitror
625 2789 694 2854 sine
716 2789 790 2854 odio
814 2798 846 2852 et
865 2788 1042 2852 animorum
1066 2788 1244 2852 offensione
1265 2787 1377 2852 finisse:

278 2905 314 2961 ut
334 2919 432 2982 saepe
455 2898 701 2964 coniunctissimi
723 2897 868 2962 homines
891 2897 924 2960 in
946 2905 1066 2977 senatu,
1090 2896 1122 2960 in
1146 2896 1282 2962 dicenda
1307 2917 1379 2960 sen-

279 3008 386 3089 tentia,
411 3008 480 3072 sine
500 3008 567 3073 ulla
589 3007 759 3075 acerbitate
782 3007 980 3072 dissentiunt.
1010 3007 1080 3071 Noc
1100 3006 1158 3070 fuit
1178 3007 1259 3072 adeo
1281 3005 1382 3071 hebes

279 3115 481 3198 Aristoteles,
503 3126 621 3180 utnon
656 3117 852 3182 intellexerit
870 3117 1010 3182 Platonis
1039 3116 1183 3198 virtutes,
1217 3136 1278 3180 nec
1300 3115 1383 3179 adeo

278 3225 402 3289 ferreus
423 3233 542 3288 utnon
563 3223 770 3290 veneraretur
793 3230 892 3292 eas.“.
911 3224 1077 3306 „Litterati
1099 3224 1132 3287 iu
1151 3245 1276 3288 summo
1297 3222 1382 3286 fasti-

280 3333 336 3418 gio
358 3355 466 3398 rerum
487 3335 697 3400 humanarum
727 3334 872 3400 collocati
896 3339 1002 3398 sunt.“
1054 3331 1152 3415 „Non
1181 3334 1254 3416 plus
1278 3331 1383 3417 digni-

279 3441 349 3505 tatis
373 3451 429 3523 est,
454 3443 481 3506 si
501 3465 553 3508 ras
577 3443 792 3524 aestimentur,
816 3463 881 3506 uon
896 3440 988 3523 tituli,
1003 3441 1035 3503 in
1048 3462 1174 3526 regum,
1189 3439 1382 3526 principum,

279 3550 475 3632 pontificum,
507 3552 731 3638 episcoporum
760 3549 983 3630 functionibus,
1016 3571 1110 3633 quam
1131 3549 1164 3612 in
1184 3549 1382 3614 scholastica.

278 3655 347 3720 Nos
384 3661 469 3724 enim
504 3650 661 3724 veritatis*
677 3669 708 3723 et
740 3659 877 3724 iustitiae
912 3658 1149 3743 inquisitionem
1182 3658 1381 3744 profitemur,

279 3765 392 3848 quibus
416 3769 506 3832 bonis
532 3768 612 3832 nihil
643 3767 780 3831 divinius
808 3766 905 3831 habet
925 3765 1098 3832 humanum
1120 3768 1259 3850 genua.“
1303 3762 1383 3830 Tam

277 3875 339 3941 alta
359 3897 437 3941 vero
461 3877 502 3940 de
532 3877 731 3942 eruditorum
749 3875 813 3939 vita
843 3875 952 3960 opinio
981 3875 1132 3961 Philippo
1152 3895 1218 3938 non
1241 3880 1308 3936 erat
1328 3895 1382 3936 su-

276 3985 408 4070 perbiae
437 3993 531 4069 atquc
556 3984 699 4048 vanitatis
729 3982 924 4064 alimentum,
955 3983 1015 4047 sed
1046 3983 1233 4046 christianae
1252 3979 1378 4044 humili-

276 4093 346 4158 tatis
375 4115 535 4178 veraequa
562 4092 696 4177 pietatis.
740 4091 848 4178 Saepe
871 4113 907 4157 se
938 4091 1073 4158 recitare
1097 4091 1173 4157 dicit
1198 4089 1283 4154 hunc
1305 4111 1381 4154 ver·

277 4201 426 4268 siculum:
