3186 5090
713 325 754 390 13

183 511 328 596 perimur
344 517 412 574 tum
428 511 568 576 maxime
589 510 622 574 in
642 507 753 574 studiis
774 508 990 574 litterarum.“
998 508 1024 593 1)
1047 505 1162 592 Neque
1181 506 1289 592 singu-

184 611 291 685 lorum
314 627 438 684 tantum
459 629 703 706 praeceptorum
724 627 773 684 est
793 618 945 706 optimam
972 615 1110 682 docendi
1133 615 1289 680 rationem

187 728 331 813 eligere,
355 726 412 792 sed
434 751 515 814 quae
543 729 577 792 in
599 751 637 794 ea
658 749 695 794 re
718 751 779 792 usu
802 735 834 792 et
863 725 1063 810 experientia
1086 725 1291 811 comprobata

190 843 275 917 sunt,
299 836 535 921 magistratibus
557 857 652 902 curae
675 857 747 901 esse
768 835 896 900 debent.
938 833 1117 912 „Convenit
1139 853 1194 896 eos
1216 853 1290 918 pro-

190 943 314 1029 spicere
335 967 377 1008 ne
401 947 585 1029 perturbato
609 943 753 1010 discendi
776 943 906 1025 ordine,
930 943 1084 1007 honestae
1104 939 1290 1027 disciplinae

189 1052 387 1118 intercidant.
456 1053 547 1118 Plato
587 1054 630 1119 ait
666 1053 863 1140 respublicas
909 1051 1022 1116 mutaui
1057 1051 1084 1116 si
1131 1049 1292 1135 contingat

189 1163 343 1226 musicam
364 1162 488 1226 mutari.
538 1161 653 1247 Neque
681 1161 714 1226 id
742 1163 800 1228 abs
822 1183 858 1226 re
891 1160 1009 1226 dictum
1040 1169 1096 1226 est.
1139 1156 1207 1226 Sed
1231 1159 1292 1224 hec

188 1270 288 1334 multo
309 1272 416 1335 verius
440 1280 497 1353 cst,
521 1272 695 1336 mutatione
713 1271 892 1336 studiorum
914 1269 1028 1334 mutari
1050 1269 1291 1356 rempublicam.

188 1377 230 1442 llt
249 1399 404 1463 perversa
421 1379 499 1444 ratio
523 1379 668 1445 discendi
687 1380 895 1444 niaximarum
917 1400 1024 1444 rerum
1047 1377 1170 1442 ruinam
1186 1377 1290 1442 trahit.
1336 1393 1340 1398 '

189 1485 338 1573 Inprimis
357 1487 457 1572 igitur
472 1488 505 1551 in
525 1488 585 1554 hae
603 1511 640 1553 re
659 1487 829 1573 vigilantes
851 1509 922 1552 esse
938 1486 1139 1572 magistratus
1155 1477 1290 1572 oportet.

187 1593 302 1679 Neque
326 1595 435 1662 dubito
459 1596 534 1682 quin
556 1598 633 1662 olim
653 1598 694 1662 de
715 1597 763 1661 his
785 1599 881 1662 rebus
907 1619 1004 1662 novas
1020 1597 1113 1682 leges
1135 1594 1293 1662 condituri

190 1704 263 1786 sint,
289 1726 386 1789 quum
405 1715 592 1790 praesentes
609 1708 719 1772 turbae
739 1715 832 1793 atque
848 1714 952 1770 motus
967 1727 1077 1770 rerum
1092 1704 1290 1790 publicarum

194 1812 434 1878 consileseent.“
484 1813 574 1878 Haec
593 1814 846 1880 Melanchthonis
876 1817 975 1880 verba
1003 1813 1092 1878 velut
1113 1814 1291 1878 vaticinium

191 1931 312 2004 sonant,
337 1930 446 1986 nostro
468 1931 613 2008 ternpore
635 1922 709 1986 satis
733 1944 894 2009 superque
916 1922 1093 2008 impletum.
1200 1965 1202 1968 -

232 2031 322 2096 Illius
344 2052 422 2095 vero
449 2031 626 2095 studiorum
650 2031 769 2096 ordinis
800 2032 929 2118 publice
961 2032 1171 2098 conservandi
1204 2033 1292 2116 quasi

192 2139 432 2204 fundamentum
452 2139 495 2203 ita
514 2139 620 2225 ponit,
644 2149 680 2205 ut
708 2142 747 2206 ab
771 2151 916 2206 securata
937 2149 1081 2205 veterum
1108 2140 1290 2226 linguarum

189 2247 429 2333 litterarumque
449 2237 647 2314 institutione
669 2249 771 2314 omnis
796 2249 931 2313 eruditio
954 2248 1183 2334 proficiscatur.
1218 2249 1291 2314 Hoc

191 2357 396 2422 fundamento
419 2357 504 2442 quod
525 2357 559 2420 in
583 2355 756 2422 Germania
783 2366 892 2421 nostra
914 2358 1079 2443 hueusque
1098 2357 1231 2440 utimur,
1256 2357 1290 2421 id
1319 2420 1321 2425 .

189 2487 340 2551 magnam
359 2474 484 2552 partem
505 2466 743 2532 Melanohthoni
765 2467 930 2532 debemus.
953 2465 1114 2548 Quantum
1131 2467 1173 2532 ad
1192 2467 1291 2532 refor—
1392 2491 1394 2495 ·

187 2575 322 2640 mandas
346 2585 376 2640 et
398 2575 564 2659 augendas
586 2575 711 2640 scholas
737 2575 915 2659 contulerit,
933 2584 1009 2661 quot
1029 2575 1291 2662 praestantissimi

188 2693 413 2770 praeceptores
436 2684 581 2750 instructi
600 2687 647 2750 ab·
664 2706 702 2750 eo
724 2694 756 2749 et
777 2684 941 2749 informati
961 2685 1033 2766 sint,
1053 2706 1149 2750 nemo
1169 2685 1288 2770 estqui

189 2792 326 2877 ignoret.
369 2793 539 2858 Praeterea
563 2793 673 2876 editis,
705 2793 899 2876 emendatis,
928 2793 1104 2881 explicitis,
1134 2793 1291 2858 translatis

190 2911 236 2966 tot
265 2903 465 2988 antiquorum
493 2903 705 2968 monumentis
734 2905 814 2970 haec
842 2905 945 2970 studia
974 2905 1121 2970 omnibus
1152 2904 1291 2970 faciliora

190 3011 342 3077 reddidit.
378 3011 445 3079 Sed
468 3013 584 3076 horum
605 3013 751 3077 laborum
773 3013 957 3098 specimina,
980 3035 1061 3097 quae
1080 3013 1218 3099 plurima
1237 3012 1291 3078 vel

189 3123 227 3187 ab
253 3121 341 3206 ipso,
367 3133 505 3207 urgente
525 3131 688 3208 tempore,
709 3123 770 3188 cito
792 3122 988 3214 conscripta,
1012 3123 1065 3187 vel
1086 3125 1125 3188 ab
1155 3123 1224 3188 aliis
1247 3144 1289 3187 ex

189 3232 332 3297 docentis
367 3254 423 3296 ore
459 3231 579 3297 calamo
614 3241 750 3320 excepta
780 3241 968 3320 supersunt,
1002 3255 1067 3297 non
1100 3233 1177 3298 tanti
1211 3233 1291 3298 fiurtt

189 3341 299 3423 quanti
319 3362 380 3426 par
400 3350 457 3407 est.
500 3341 602 3406 Etiam
626 3341 819 3407 clarissimus
839 3342 1043 3427 Bernhardy,
1060 3343 1213 3428 egregius
1235 3363 1289 3408 ve·

189 3451 266 3514 teris
287 3449 438 3515 historiae
459 3450 631 3516 litterariae
654 3451 799 3536 scriptor,
823 3473 888 3516 non
912 3452 985 3516 satis
1013 3473 1055 3516 ex
1082 3451 1146 3515 illis
1168 3451 1288 3516 Melan·

189 3558 335 3623 chthonis
356 3559 524 3644 ingenium
547 3559 755 3650 perspexisse
778 3581 884 3645 neque
900 3560 1167 3647 satis'splendide
1184 3560 1225 3624 de
1249 3582 1288 3624 eo

189 3669 233 3735 ibi
254 3669 380 3735 loeutus
406 3691 477 3734 esse
507 3669 585 3734 mihi
607 3669 752 3752 videtur,
774 3671 830 3736 ubi
854 3693 925 3736 cum
952 3670 1085 3735 Erasmo
1109 3692 1182 3735 eum
1204 3692 1288 3736 eom-

188 3799 303 3862 parare
332 3777 511 3864 instituitl)
562 3777 651 3844 Nihil
680 3779 813 3844 detraho
846 3779 888 3844 de
917 3777 1047 3844 summis
1069 3777 1193 3844 Erasmi
1222 3801 1287 3845 me·

241 4021 694 4112 mmmmmmm

243 4141 270 4208 9)
289 4137 329 4191 ef.
354 4136 524 4204 Bernhardy,
549 4135 697 4190 Grundriss
725 4135 775 4188 der
802 4133 971 4190 Rdmisohen
994 4135 1157 4190 Litteratur.
1193 4134 1285 4192 Dritte

188 4233 377 4302 Bearbeitung
394 4251 422 4302 p.
443 4233 591 4287 117-119.
