3186 5090
818 357 859 422 26

288 557 409 622 parem,
438 535 582 602 Hesiodo
612 537 824 624 superiorem,
846 538 1019 606 Theocrito
1051 540 1236 606 inferiorem
1262 541 1392 608 faciunt.

287 642 371 710 Nota
391 655 440 712 est
463 645 619 712 sententia
644 647 840 730 Quintiliani,
867 671 961 735 quam
993 650 1091 716 credo
1114 650 1248 718 alicuius
1275 652 1392 718 vetusti

287 755 405 824 autoris
428 778 514 822 esse:
552 757 739 824 inferiorem
773 780 845 824 esse
878 759 1051 846 Virgilium
1081 761 1141 825 sed
1167 760 1209 825 ita
1231 771 1337 828 tamen
1357 771 1393 826 ut

284 865 390 953 primo
410 867 450 932 sit
470 866 603 954 propior
625 889 719 953 quarn
741 867 845 932 tertio.
901 868 951 934 Ae
971 869 1117 956 profecto
1140 869 1233 934 facile
1257 869 1389 936 excellit

285 975 448 1042 Homerus
472 997 583 1041 omnes
606 975 684 1041 alios
704 984 772 1042 tum
795 974 937 1042 Graecos
961 985 1028 1042 tum
1053 975 1193 1044 Latinos.
1227 977 1387 1066 Superior

287 1093 394 1152 autem
416 1085 560 1151 Hesiodo
586 1085 742 1172 Virgilius
765 1084 858 1150 facile
881 1107 954 1151 esse
975 1087 1087 1174 potuit.
1143 1087 1279 1152 Hesiodi
1303 1089 1388 1153 enim

287 1194 454 1260 consilium
476 1195 534 1260 suit
554 1217 618 1260 non
641 1196 816 1283 praecipue
839 1196 879 1262 de
901 1197 1098 1283 agricultura
1115 1198 1173 1264 sed
1190 1199 1230 1265 de
1246 1199 1389 1266 moribus

287 1302 447 1385 scrihere,
470 1303 585 1370 additis
615 1305 766 1372 brevibus
789 1305 978 1392 quibusdam
999 1309 1179 1394 praeceptis
1207 1309 1255 1373 rei
1278 1308 1387 1374 dome-

286 1411 393 1493 sticae,
418 1420 454 1477 ut
471 1412 670 1500 significetur
693 1414 842 1480 virtutem
866 1438 938 1481 cum
960 1415 1070 1481 labore
1094 1416 1293 1482 coniunctam
1315 1439 1388 1482 esse

287 1521 417 1588 debere.
461 1521 633 1588 Theocrito
657 1532 706 1588 est
727 1545 802 1588 sane
825 1524 967 1590 inferior.
1011 1524 1086 1590 Illas
1111 1526 1195 1590 enim
1217 1526 1385 1592 blandissi-

285 1655 353 1698 mas
374 1631 506 1698 delicias
528 1654 730 1719 nequaquam
754 1643 803 1698 est
824 1644 986 1700 assecutus
1004 1635 1157 1722 Virgilius
1182 1645 1277 1722 atque
1301 1637 1387 1702 haud

286 1742 352 1809 scio
374 1766 414 1806 an
435 1743 567 1830 recipiat
588 1765 642 1808 eas
663 1743 773 1808 Latina
794 1744 933 1830 lingua.“
1324 1737 1326 1741 ¹

329 1851 378 1916 Hx
404 1852 442 1917 iis
468 1873 549 1938 quae
570 1851 738 1938 hucusque
761 1852 844 1918 dicta
867 1861 940 1918 sunt
969 1854 1043 1918 satis
1072 1862 1213 1942 apparet,
1236 1863 1388 1940 quantum

286 1961 435 2028 fueritin
457 1961 703 2028 Melanchthone
725 1959 866 2030 Graecae
894 1971 925 2026 et
946 1962 1108 2029 Romanae
1139 1964 1304 2029 vetustatis
1325 1972 1390 2030 stu·

288 2072 385 2138 dium.
429 2071 484 2137 Ad
504 2073 568 2138 hoc
589 2093 668 2138 vero
689 2095 753 2138 non
777 2072 820 2136 ita
840 2072 1052 2154 incumbebat,
1075 2081 1110 2136 nt
1130 2072 1288 2138 seriorum
1310 2095 1388 2158 quo·

286 2181 421 2247 rundam
456 2183 554 2247 instar
584 2181 718 2269 patriam
744 2181 888 2268 linguam
912 2181 1104 2269 despiceret,
1128 2182 1219 2246 cuius
1243 2181 1303 2247 etsi
1323 2203 1387 2246 non

285 2301 388 2356 tantus
408 2300 543 2377 quantus
560 2290 719 2357 Lutherus
741 2293 856 2356 artifex
879 2299 956 2373 erat,
981 2301 1087 2356 tamen
1110 2291 1386 2358 duohloocabaeo-

285 2423 357 2466 rum
376 2400 467 2482 libri,
491 2400 545 2487 qni
576 2403 615 2467 ab
639 2423 677 2466 eo
710 2401 852 2466 translati
874 2399 907 2464 in
929 2399 1042 2467 Bibliis
1070 2401 1188 2466 nostris
1213 2402 1384 2486 exstant,¹)

286 2519 318 2575 et
340 2509 401 2574 alia
423 2510 578 2596 quaedam
601 2510 787 2597 germanice
816 2510 932 2596 scripta
954 2507 1098 2596 puritatis
1121 2517 1215 2595 atque
1237 2507 1387 2597 simplici·

285 2619 356 2686 tatis
377 2619 474 2686 laude
498 2642 563 2684 non
585 2628 702 2684 carent.
744 2618 848 2684 Etiam
869 2618 917 2700 iis,
943 2639 1023 2704 quae
1046 2617 1175 2704 publice
1196 2616 1306 2682 Latina
1328 2618 1386 2682 lin·

285 2751 351 2816 gua
372 2727 518 2810 docebat,
551 2729 754 2794 vernaculam
775 2727 917 2815 phrasin,
940 2727 995 2792 ubi
1023 2727 1077 2792 vel
1105 2727 1219 2792 clarior
1249 2727 1302 2791 vel
1324 2726 1388 2812 sig-

286 2837 461 2902 nificantior
492 2839 670 2919 videbatur,
706 2838 883 2904 admiscere
917 2859 982 2902 non
1015 2836 1186 2917 dubitabat,
1222 2835 1312 2901 cuius
1340 2834 1389 2900 rei

261 2947 473 3046 ,exemplum
495 2971 592 3035 supra
613 2946 790 3035 posuimus.
822 2946 997 3032 Utriusque
1023 2945 1178 3011 sermonis
1203 2952 1387 3012 contextum

285 3059 458 3122 verborum
481 3079 628 3144 quaeque
648 3057 680 3121 in
710 3078 750 3122 eo
774 3058 853 3123 falsa
874 3065 906 3121 et
929 3056 1034 3143 turpia
1055 3064 1129 3122 sunt
1150 3056 1234 3122 inter
1256 3077 1291 3121 se
1313 3077 1386 3122 con-

287 3165 394 3253 ferti).
432 3164 671 3251 Etymologiam
694 3187 823 3250 quoque
846 3186 962 3228 vocum
986 3163 1248 3230 Germanicarum
1270 3163 1387 3251 saepis-

287 3274 402 3360 simel)
425 3282 532 3355 tentat,
556 3296 618 3360 qua
637 3273 670 3338 in
690 3295 726 3338 re
749 3274 775 3338 si
797 3295 861 3338 non
882 3273 1003 3360 ubique
1026 3273 1107 3338 felix
1128 3282 1184 3354 est,
1207 3283 1313 3338 tamen
1334 3296 1388 3358 pa-

286 3383 365 3448 triae
386 3383 518 3470 linguae
540 3404 680 3448 omorem
702 3384 890 3448 manifestat.
917 3419 950 3430 —-
978 3381 1131 3449 Similiter
1154 3382 1246 3446 etiam
1271 3382 1388 3446 littera-

286 3514 358 3556 rum
381 3490 598 3572 Ebraicarum,
623 3513 704 3577 quae
718 3491 873 3556 Politiano
890 3490 1023 3576 aliisque
1039 3490 1193 3556 Italorum
1211 3490 1390 3578 philologis

286 3607 322 3664 ut
343 3602 496 3666 barbarae
519 3601 700 3682 sordebant,
725 3599 940 3686 ,singularem
958 3607 989 3663 et
1005 3598 1191 3685 dignitatem
1215 3608 1246 3664 et
1261 3599 1390 3685 elegan-

288 3709 378 3775 tiam“
400 3710 545 3776 vindicat.
567 3711 766 3798 ,Nunquam
787 3712 898 3798 inquit,
923 3711 1076 3800 sapientia
1099 3712 1237 3778 estsine
1260 3713 1389 3799 elegan-

293 3875 489 3886 w...-

345 3977 371 4046 1)
390 3975 430 4031 ef.
451 3975 577 4044 Strobel,
608 3974 828 4031 Melanohthon’s
855 3974 1020 4030 Verdienste
1047 3992 1094 4028 um
1122 3973 1168 4029 die
1194 3973 1258 4029 heil.
1288 3973 1393 4030 Schrift

289 4093 316 4144 p.
336 4075 379 4130 20.
401 4090 457 4142 seq.

345 4168 476 4238 2)XV11,
498 4169 539 4223 15.

342 4263 368 4333 3)
386 4263 426 4319 Of.
444 4263 534 4318 XXIV
553 4263 614 4318 416.
638 4262 767 4334 (Vogtei).
793 4263 853 4320 683.
874 4261 1004 4334 (Ostern).
1032 4263 1092 4320 741.
1111 4261 1245 4333 (Danlren,
1263 4260 1392 4331 denken).
