<?xml version="1.0" encoding="UTF-8"?>
<!DOCTYPE html PUBLIC "-//W3C//DTD XHTML 1.0 Transitional//EN"
    "http://www.w3.org/TR/xhtml1/DTD/xhtml1-transitional.dtd">
<html xmlns="http://www.w3.org/1999/xhtml" xml:lang="en" lang="en">
 <head>
  <title>
</title>
<meta http-equiv="Content-Type" content="text/html;charset=utf-8" />
  <meta name='ocr-system' content='tesseract 3.04.00' />
  <meta name='ocr-capabilities' content='ocr_page ocr_carea ocr_par ocr_line ocrx_word'/>
</head>
<body>
  <div class='ocr_page' id='page_1' title='image "./dephilippomelan00schlgoog_0009.png"; bbox 0 0 3186 5090; ppageno 0'>
   <div class='ocr_carea' id='block_1_1' title="bbox 180 1089 1284 1845">
    <p class='ocr_par' dir='ltr' id='par_1_1' title="bbox 180 1089 1284 1845">
     <span class='ocr_line' id='line_1_1' title="bbox 236 1089 1280 1196; baseline -0.002 -24"><span class='ocrx_word' id='word_1_1' title='bbox 236 1089 328 1178; x_wconf 82' lang='lat' dir='ltr'><strong>Inter</strong></span> <span class='ocrx_word' id='word_1_2' title='bbox 340 1109 549 1178; x_wconf 86' lang='lat' dir='ltr'>Germanicos</span> <span class='ocrx_word' id='word_1_3' title='bbox 558 1109 712 1176; x_wconf 88' lang='lat' dir='ltr'>ecelesiae</span> <span class='ocrx_word' id='word_1_4' title='bbox 722 1109 1123 1196; x_wconf 85' lang='lat' dir='ltr'>reformatoreaproximus</span> <span class='ocrx_word' id='word_1_5' title='bbox 1137 1105 1280 1172; x_wconf 88' lang='lat' dir='ltr'>Luthero</span> 
     </span>
     <span class='ocr_line' id='line_1_2' title="bbox 181 1215 1281 1304; baseline -0.006 -18"><span class='ocrx_word' id='word_1_6' title='bbox 181 1223 270 1286; x_wconf 90' lang='lat' dir='ltr'>locus</span> <span class='ocrx_word' id='word_1_7' title='bbox 295 1219 446 1304; x_wconf 92' lang='lat' dir='ltr'>Philippo</span> <span class='ocrx_word' id='word_1_8' title='bbox 468 1218 703 1284; x_wconf 88' lang='lat' dir='ltr'>Melanchthoni</span> <span class='ocrx_word' id='word_1_9' title='bbox 734 1221 773 1284; x_wconf 91' lang='lat' dir='ltr'>ab</span> <span class='ocrx_word' id='word_1_10' title='bbox 799 1219 946 1284; x_wconf 91' lang='lat' dir='ltr'>omnibus</span> <span class='ocrx_word' id='word_1_11' title='bbox 972 1217 1065 1284; x_wconf 86' lang='lat' dir='ltr'>facilc</span> <span class='ocrx_word' id='word_1_12' title='bbox 1087 1215 1281 1282; x_wconf 84' lang='lat' dir='ltr'>conceditur.</span> 
     </span>
     <span class='ocr_line' id='line_1_3' title="bbox 181 1327 1283 1416; baseline -0.007 -18"><span class='ocrx_word' id='word_1_13' title='bbox 181 1327 403 1415; x_wconf 82' lang='lat' dir='ltr'>Suscipiendis</span> <span class='ocrx_word' id='word_1_14' title='bbox 425 1328 534 1414; x_wconf 86' lang='lat' dir='ltr'>primis</span> <span class='ocrx_word' id='word_1_15' title='bbox 563 1327 596 1391; x_wconf 92' lang='lat' dir='ltr'>in</span> <span class='ocrx_word' id='word_1_16' title='bbox 619 1327 754 1396; x_wconf 84' lang='lat' dir='ltr'>ecclesia</span> <span class='ocrx_word' id='word_1_17' title='bbox 781 1328 994 1414; x_wconf 87' lang='lat' dir='ltr'>gubernanda</span> <span class='ocrx_word' id='word_1_18' title='bbox 1024 1327 1178 1416; x_wconf 88' lang='lat' dir='ltr'>partibus,</span> <span class='ocrx_word' id='word_1_19' title='bbox 1203 1347 1283 1409; x_wconf 92' lang='lat' dir='ltr'>quae</span> 
     </span>
     <span class='ocr_line' id='line_1_4' title="bbox 181 1433 1284 1523; baseline 0 -23"><span class='ocrx_word' id='word_1_20' title='bbox 181 1445 256 1523; x_wconf 90' lang='lat' dir='ltr'>post</span> <span class='ocrx_word' id='word_1_21' title='bbox 275 1433 409 1500; x_wconf 89' lang='lat' dir='ltr'>Lutheri</span> <span class='ocrx_word' id='word_1_22' title='bbox 440 1443 575 1500; x_wconf 90' lang='lat' dir='ltr'>mortem</span> <span class='ocrx_word' id='word_1_23' title='bbox 605 1434 703 1500; x_wconf 90' lang='lat' dir='ltr'>invito</span> <span class='ocrx_word' id='word_1_24' title='bbox 736 1436 883 1500; x_wconf 83' lang='lat' dir='ltr'><strong>obtrusae</strong></span> <span class='ocrx_word' id='word_1_25' title='bbox 913 1443 1004 1517; x_wconf 88' lang='lat' dir='ltr'>sunt,</span> <span class='ocrx_word' id='word_1_26' title='bbox 1032 1435 1137 1522; x_wconf 82' lang='lat' dir='ltr'>impar</span> <span class='ocrx_word' id='word_1_27' title='bbox 1163 1437 1284 1502; x_wconf 88' lang='lat' dir='ltr'>viribus</span> 
     </span>
     <span class='ocr_line' id='line_1_5' title="bbox 182 1539 1284 1628; baseline 0 -21"><span class='ocrx_word' id='word_1_28' title='bbox 182 1541 311 1608; x_wconf 86' lang='lat' dir='ltr'>exstitit.</span> <span class='ocrx_word' id='word_1_29' title='bbox 364 1539 436 1620; x_wconf 80' lang='lat' dir='ltr'>Qua</span> <span class='ocrx_word' id='word_1_30' title='bbox 456 1540 489 1604; x_wconf 91' lang='lat' dir='ltr'>in</span> <span class='ocrx_word' id='word_1_31' title='bbox 517 1540 686 1628; x_wconf 83' lang='lat' dir='ltr'>tragoedia</span> <span class='ocrx_word' id='word_1_32' title='bbox 717 1540 835 1604; x_wconf 90' lang='lat' dir='ltr'>erroris</span> <span class='ocrx_word' id='word_1_33' title='bbox 864 1541 1085 1625; x_wconf 82' lang='lat' dir='ltr'>humanaeque</span> <span class='ocrx_word' id='word_1_34' title='bbox 1116 1543 1284 1614; x_wconf 86' lang='lat' dir='ltr'>debilitatis</span> 
     </span>
     <span class='ocr_line' id='line_1_6' title="bbox 180 1636 1284 1740; baseline 0.002 -26"><span class='ocrx_word' id='word_1_35' title='bbox 180 1651 293 1714; x_wconf 88' lang='lat' dir='ltr'>nimias</span> <span class='ocrx_word' id='word_1_36' title='bbox 321 1649 571 1736; x_wconf 85' lang='lat' dir='ltr'>propemodum,</span> <span class='ocrx_word' id='word_1_37' title='bbox 601 1658 636 1713; x_wconf 92' lang='lat' dir='ltr'>ut</span> <span class='ocrx_word' id='word_1_38' title='bbox 661 1650 799 1714; x_wconf 88' lang='lat' dir='ltr'>humane</span> <span class='ocrx_word' id='word_1_39' title='bbox 828 1671 919 1715; x_wconf 89' lang='lat' dir='ltr'>more</span> <span class='ocrx_word' id='word_1_40' title='bbox 949 1636 1134 1736; x_wconf 73' lang='lat' dir='ltr'>loquamur,</span> <span class='ocrx_word' id='word_1_41' title='bbox 1162 1675 1284 1740; x_wconf 89' lang='lat' dir='ltr'>poenas</span> 
     </span>
     <span class='ocr_line' id='line_1_7' title="bbox 184 1751 1281 1845; baseline 0 -21"><span class='ocrx_word' id='word_1_42' title='bbox 184 1759 285 1842; x_wconf 86' lang='lat' dir='ltr'>dedit,</span> <span class='ocrx_word' id='word_1_43' title='bbox 308 1759 431 1824; x_wconf 89' lang='lat' dir='ltr'>animae</span> <span class='ocrx_word' id='word_1_44' title='bbox 455 1757 612 1824; x_wconf 82' lang='lat' dir='ltr'>candidae</span> <span class='ocrx_word' id='word_1_45' title='bbox 628 1757 839 1844; x_wconf 83' lang='lat' dir='ltr'>integraeque</span> <span class='ocrx_word' id='word_1_46' title='bbox 855 1751 1075 1826; x_wconf 84' lang='lat' dir='ltr'>eonscientiae</span> <span class='ocrx_word' id='word_1_47' title='bbox 1084 1759 1220 1845; x_wconf 87' lang='lat' dir='ltr'>gloriam</span> <span class='ocrx_word' id='word_1_48' title='bbox 1234 1761 1281 1824; x_wconf 92' lang='lat' dir='ltr'>in-</span> 
     </span>
    </p>
   </div>
   <div class='ocr_carea' id='block_1_2' title="bbox 181 1867 1382 1954">
    <p class='ocr_par' dir='ltr' id='par_1_2' title="bbox 181 1867 1382 1954">
     <span class='ocr_line' id='line_1_8' title="bbox 181 1867 1382 1954; baseline -0.002 -17"><span class='ocrx_word' id='word_1_49' title='bbox 181 1868 424 1937; x_wconf 80' lang='lat' dir='ltr'>contaminatam</span> <span class='ocrx_word' id='word_1_50' title='bbox 450 1867 598 1934; x_wconf 86' lang='lat' dir='ltr'>servavit.</span> <span class='ocrx_word' id='word_1_51' title='bbox 647 1868 817 1954; x_wconf 89' lang='lat' dir='ltr'>Proprium</span> <span class='ocrx_word' id='word_1_52' title='bbox 850 1879 955 1936; x_wconf 89' lang='lat' dir='ltr'>autem</span> <span class='ocrx_word' id='word_1_53' title='bbox 986 1892 1119 1952; x_wconf 89' lang='lat' dir='ltr'>munus,</span> <span class='ocrx_word' id='word_1_54' title='bbox 1148 1867 1195 1934; x_wconf 92' lang='lat' dir='ltr'>illi</span> <span class='ocrx_word' id='word_1_55' title='bbox 1222 1869 1284 1937; x_wconf 89' lang='lat' dir='ltr'>iam</span> <span class='ocrx_word' id='word_1_56' title='bbox 1378 1905 1382 1911; x_wconf 94' lang='lat'>·</span> 
     </span>
    </p>
   </div>
   <div class='ocr_carea' id='block_1_3' title="bbox 96 1975 1370 4124">
    <p class='ocr_par' dir='ltr' id='par_1_3' title="bbox 180 1975 1370 2938">
     <span class='ocr_line' id='line_1_9' title="bbox 180 1975 1283 2067; baseline -0.005 -22"><span class='ocrx_word' id='word_1_57' title='bbox 180 1979 351 2067; x_wconf 85' lang='lat' dir='ltr'>superstite</span> <span class='ocrx_word' id='word_1_58' title='bbox 368 1976 511 2041; x_wconf 87' lang='lat' dir='ltr'>Luthero</span> <span class='ocrx_word' id='word_1_59' title='bbox 534 1975 683 2042; x_wconf 89' lang='lat' dir='ltr'>divinitus</span> <span class='ocrx_word' id='word_1_60' title='bbox 699 1978 890 2060; x_wconf 86' lang='lat' dir='ltr'>mandatum,</span> <span class='ocrx_word' id='word_1_61' title='bbox 915 1986 946 2042; x_wconf 89' lang='lat' dir='ltr'>et</span> <span class='ocrx_word' id='word_1_62' title='bbox 968 1979 1009 2042; x_wconf 87' lang='lat' dir='ltr'>ad</span> <span class='ocrx_word' id='word_1_63' title='bbox 1030 1976 1173 2045; x_wconf 88' lang='lat' dir='ltr'>scholam</span> <span class='ocrx_word' id='word_1_64' title='bbox 1190 1986 1222 2042; x_wconf 91' lang='lat' dir='ltr'>et</span> <span class='ocrx_word' id='word_1_65' title='bbox 1242 1977 1283 2041; x_wconf 90' lang='lat' dir='ltr'>ad</span> 
     </span>
     <span class='ocr_line' id='line_1_10' title="bbox 183 2084 1283 2173; baseline -0.003 -20"><span class='ocrx_word' id='word_1_66' title='bbox 183 2091 280 2154; x_wconf 87' lang='lat' dir='ltr'>vitam</span> <span class='ocrx_word' id='word_1_67' title='bbox 304 2087 466 2173; x_wconf 85' lang='lat' dir='ltr'>pertinuit.</span> <span class='ocrx_word' id='word_1_68' title='bbox 516 2084 739 2150; x_wconf 84' lang='lat' dir='ltr'>Melanehthon</span> <span class='ocrx_word' id='word_1_69' title='bbox 772 2087 856 2151; x_wconf 93' lang='lat' dir='ltr'>enim</span> <span class='ocrx_word' id='word_1_70' title='bbox 882 2109 954 2152; x_wconf 89' lang='lat' dir='ltr'>eum</span> <span class='ocrx_word' id='word_1_71' title='bbox 975 2086 1195 2172; x_wconf 82' lang='lat' dir='ltr'>evangelicam</span> <span class='ocrx_word' id='word_1_72' title='bbox 1228 2085 1283 2150; x_wconf 93' lang='lat' dir='ltr'>do·</span> 
     </span>
     <span class='ocr_line' id='line_1_11' title="bbox 183 2191 1285 2281; baseline -0.004 -19"><span class='ocrx_word' id='word_1_73' title='bbox 183 2196 317 2262; x_wconf 84' lang='lat' dir='ltr'>ctrinam</span> <span class='ocrx_word' id='word_1_74' title='bbox 338 2191 509 2260; x_wconf 87' lang='lat' dir='ltr'>severioris</span> <span class='ocrx_word' id='word_1_75' title='bbox 525 2191 710 2277; x_wconf 89' lang='lat' dir='ltr'>disciplinae</span> <span class='ocrx_word' id='word_1_76' title='bbox 731 2193 834 2258; x_wconf 87' lang='lat' dir='ltr'>forma</span> <span class='ocrx_word' id='word_1_77' title='bbox 853 2193 1030 2281; x_wconf 89' lang='lat' dir='ltr'>proposuit,</span> <span class='ocrx_word' id='word_1_78' title='bbox 1049 2193 1215 2280; x_wconf 84' lang='lat' dir='ltr'>expolivit,</span> <span class='ocrx_word' id='word_1_79' title='bbox 1231 2193 1285 2258; x_wconf 89' lang='lat' dir='ltr'>de-</span> 
     </span>
     <span class='ocr_line' id='line_1_12' title="bbox 182 2300 1370 2388; baseline -0.002 -20"><span class='ocrx_word' id='word_1_80' title='bbox 182 2304 300 2387; x_wconf 89' lang='lat' dir='ltr'>fendit,</span> <span class='ocrx_word' id='word_1_81' title='bbox 323 2312 390 2368; x_wconf 89' lang='lat' dir='ltr'>tum</span> <span class='ocrx_word' id='word_1_82' title='bbox 413 2303 455 2366; x_wconf 89' lang='lat' dir='ltr'>ad</span> <span class='ocrx_word' id='word_1_83' title='bbox 476 2300 664 2386; x_wconf 87' lang='lat' dir='ltr'>gravissima</span> <span class='ocrx_word' id='word_1_84' title='bbox 684 2301 822 2386; x_wconf 88' lang='lat' dir='ltr'>negocia</span> <span class='ocrx_word' id='word_1_85' title='bbox 842 2301 980 2388; x_wconf 86' lang='lat' dir='ltr'>publica,</span> <span class='ocrx_word' id='word_1_86' title='bbox 1001 2302 1043 2366; x_wconf 89' lang='lat' dir='ltr'>ad</span> <span class='ocrx_word' id='word_1_87' title='bbox 1065 2302 1219 2386; x_wconf 88' lang='lat' dir='ltr'>synodos,</span> <span class='ocrx_word' id='word_1_88' title='bbox 1241 2301 1283 2366; x_wconf 92' lang='lat' dir='ltr'>ad</span> <span class='ocrx_word' id='word_1_89' title='bbox 1368 2349 1370 2352; x_wconf 89' lang='lat'>-</span> 
     </span>
     <span class='ocr_line' id='line_1_13' title="bbox 183 2408 1279 2496; baseline -0.004 -20"><span class='ocrx_word' id='word_1_90' title='bbox 183 2413 386 2495; x_wconf 71' lang='lat' dir='ltr'>visitationes,</span> <span class='ocrx_word' id='word_1_91' title='bbox 408 2411 449 2477; x_wconf 90' lang='lat' dir='ltr'>ad</span> <span class='ocrx_word' id='word_1_92' title='bbox 472 2410 642 2494; x_wconf 88' lang='lat' dir='ltr'>colloquia,</span> <span class='ocrx_word' id='word_1_93' title='bbox 662 2432 740 2496; x_wconf 89' lang='lat' dir='ltr'>prae</span> <span class='ocrx_word' id='word_1_94' title='bbox 761 2410 881 2494; x_wconf 79' lang='lat' dir='ltr'>ceteris·</span> <span class='ocrx_word' id='word_1_95' title='bbox 898 2410 1057 2476; x_wconf 88' lang='lat' dir='ltr'>adhibitus</span> <span class='ocrx_word' id='word_1_96' title='bbox 1080 2418 1137 2474; x_wconf 89' lang='lat' dir='ltr'>est</span> <span class='ocrx_word' id='word_1_97' title='bbox 1160 2408 1279 2491; x_wconf 80' lang='lat' dir='ltr'>Quare,</span> 
     </span>
     <span class='ocr_line' id='line_1_14' title="bbox 181 2503 1286 2628; baseline -0.004 -42"><span class='ocrx_word' id='word_1_98' title='bbox 181 2531 217 2586; x_wconf 90' lang='lat' dir='ltr'>ut</span> <span class='ocrx_word' id='word_1_99' title='bbox 237 2522 308 2588; x_wconf 91' lang='lat' dir='ltr'>iure</span> <span class='ocrx_word' id='word_1_100' title='bbox 331 2521 443 2605; x_wconf 88' lang='lat' dir='ltr'>aliquis</span> <span class='ocrx_word' id='word_1_101' title='bbox 467 2518 564 2601; x_wconf 80' lang='lat' dir='ltr'>dixit,</span> <span class='ocrx_word' id='word_1_102' title='bbox 587 2517 671 2600; x_wconf 85' lang='lat' dir='ltr'>omni</span> <span class='ocrx_word' id='word_1_103' title='bbox 691 2503 920 2628; x_wconf 47' lang='lat' dir='ltr'>&#39;ferm-siquae,</span> <span class='ocrx_word' id='word_1_104' title='bbox 933 2540 1024 2603; x_wconf 89' lang='lat' dir='ltr'>quae</span> <span class='ocrx_word' id='word_1_105' title='bbox 1053 2527 1128 2584; x_wconf 89' lang='lat' dir='ltr'>tunc</span> <span class='ocrx_word' id='word_1_106' title='bbox 1149 2519 1286 2583; x_wconf 89' lang='lat' dir='ltr'>ornaba-</span> 
     </span>
     <span class='ocr_line' id='line_1_15' title="bbox 182 2581 1287 2734; baseline -0.005 -40"><span class='ocrx_word' id='word_1_107' title='bbox 182 2638 242 2711; x_wconf 76' lang='lat' dir='ltr'>tur,</span> <span class='ocrx_word' id='word_1_108' title='bbox 263 2627 317 2693; x_wconf 78' lang='lat' dir='ltr'>va</span> <span class='ocrx_word' id='word_1_109' title='bbox 336 2628 483 2712; x_wconf 73' lang='lat' dir='ltr'>praefuit,</span> <span class='ocrx_word' id='word_1_110' title='bbox 504 2628 558 2692; x_wconf 73' lang='lat' dir='ltr'>var</span> <span class='ocrx_word' id='word_1_111' title='bbox 578 2581 1004 2734; x_wconf 58' lang='lat' dir='ltr'>antenurgheqaqaupa</span> <span class='ocrx_word' id='word_1_112' title='bbox 1029 2633 1124 2710; x_wconf 84' lang='lat' dir='ltr'>atque</span> <span class='ocrx_word' id='word_1_113' title='bbox 1145 2624 1287 2712; x_wconf 73' lang='lat' dir='ltr'>angina</span> 
     </span>
     <span class='ocr_line' id='line_1_16' title="bbox 181 2715 1283 2837; baseline -0.004 -33"><span class='ocrx_word' id='word_1_114' title='bbox 181 2758 290 2822; x_wconf 89' lang='lat' dir='ltr'>reges,</span> <span class='ocrx_word' id='word_1_115' title='bbox 314 2745 350 2802; x_wconf 89' lang='lat' dir='ltr'>ut</span> <span class='ocrx_word' id='word_1_116' title='bbox 365 2757 518 2824; x_wconf 87' lang='lat' dir='ltr'>praesens</span> <span class='ocrx_word' id='word_1_117' title='bbox 536 2734 667 2802; x_wconf 86' lang='lat' dir='ltr'>consilia</span> <span class='ocrx_word' id='word_1_118' title='bbox 684 2715 1067 2837; x_wconf 23' lang='lat' dir='ltr'>&amp;ithamari-amhae</span> <span class='ocrx_word' id='word_1_119' title='bbox 1090 2733 1283 2820; x_wconf 87' lang='lat' dir='ltr'>efflagitasse</span> 
     </span>
     <span class='ocr_line' id='line_1_17' title="bbox 182 2853 884 2928; baseline 0.003 -19"><span class='ocrx_word' id='word_1_120' title='bbox 182 2853 314 2914; x_wconf 83' lang='lat' dir='ltr'>constat.</span> <span class='ocrx_word' id='word_1_121' title='bbox 881 2923 884 2928; x_wconf 68' lang='lat'>,</span> 
     </span>
    </p>

    <p class='ocr_par' dir='ltr' id='par_1_4' title="bbox 96 2934 1347 4124">
     <span class='ocr_line' id='line_1_18' title="bbox 226 2934 1284 3038; baseline -0.002 -20"><span class='ocrx_word' id='word_1_122' title='bbox 226 2953 281 3018; x_wconf 90' lang='lat' dir='ltr'>Ad</span> <span class='ocrx_word' id='word_1_123' title='bbox 304 2950 510 3037; x_wconf 87' lang='lat' dir='ltr'>praestandas</span> <span class='ocrx_word' id='word_1_124' title='bbox 538 2957 638 3016; x_wconf 87' lang='lat' dir='ltr'>tantas</span> <span class='ocrx_word' id='word_1_125' title='bbox 665 2972 718 3017; x_wconf 88' lang='lat' dir='ltr'>res</span> <span class='ocrx_word' id='word_1_126' title='bbox 746 2936 838 3014; x_wconf 75' lang='lat' dir='ltr'>illuni</span> <span class='ocrx_word' id='word_1_127' title='bbox 857 2934 994 3038; x_wconf 74' lang='lat' dir='ltr'>praeter</span> <span class='ocrx_word' id='word_1_128' title='bbox 1022 2949 1188 3038; x_wconf 88' lang='lat' dir='ltr'>singulare</span> <span class='ocrx_word' id='word_1_129' title='bbox 1216 2951 1284 3017; x_wconf 91' lang='lat' dir='ltr'>eius</span> 
     </span>
     <span class='ocr_line' id='line_1_19' title="bbox 181 3057 1282 3148; baseline -0.002 -21"><span class='ocrx_word' id='word_1_130' title='bbox 181 3061 348 3148; x_wconf 88' lang='lat' dir='ltr'>ingenium</span> <span class='ocrx_word' id='word_1_131' title='bbox 368 3061 404 3147; x_wconf 85' lang='lat' dir='ltr'>id</span> <span class='ocrx_word' id='word_1_132' title='bbox 424 3059 564 3124; x_wconf 87' lang='lat' dir='ltr'>maxima</span> <span class='ocrx_word' id='word_1_133' title='bbox 584 3059 737 3124; x_wconf 90' lang='lat' dir='ltr'>idoneum</span> <span class='ocrx_word' id='word_1_134' title='bbox 766 3057 917 3141; x_wconf 88' lang='lat' dir='ltr'>reddidit,</span> <span class='ocrx_word' id='word_1_135' title='bbox 944 3058 1030 3145; x_wconf 90' lang='lat' dir='ltr'>quod</span> <span class='ocrx_word' id='word_1_136' title='bbox 1062 3059 1139 3125; x_wconf 91' lang='lat' dir='ltr'>inde</span> <span class='ocrx_word' id='word_1_137' title='bbox 1163 3084 1182 3124; x_wconf 88' lang='lat' dir='ltr'>a</span> <span class='ocrx_word' id='word_1_138' title='bbox 1203 3083 1282 3145; x_wconf 89' lang='lat' dir='ltr'>pue·</span> 
     </span>
     <span class='ocr_line' id='line_1_20' title="bbox 182 3165 1284 3254; baseline -0.003 -20"><span class='ocrx_word' id='word_1_139' title='bbox 182 3169 253 3235; x_wconf 82' lang='lat' dir='ltr'>ritis</span> <span class='ocrx_word' id='word_1_140' title='bbox 282 3168 507 3236; x_wconf 85' lang='lat' dir='ltr'>humaniorum</span> <span class='ocrx_word' id='word_1_141' title='bbox 535 3165 648 3232; x_wconf 88' lang='lat' dir='ltr'>artium</span> <span class='ocrx_word' id='word_1_142' title='bbox 679 3165 790 3232; x_wconf 76' lang='lat' dir='ltr'>studia</span> <span class='ocrx_word' id='word_1_143' title='bbox 818 3166 958 3232; x_wconf 89' lang='lat' dir='ltr'>imbutus</span> <span class='ocrx_word' id='word_1_144' title='bbox 987 3175 1063 3232; x_wconf 91' lang='lat' dir='ltr'>erat.</span> <span class='ocrx_word' id='word_1_145' title='bbox 1113 3167 1228 3254; x_wconf 89' lang='lat' dir='ltr'>Neque</span> <span class='ocrx_word' id='word_1_146' title='bbox 1249 3168 1284 3232; x_wconf 90' lang='lat' dir='ltr'>id</span> 
     </span>
     <span class='ocr_line' id='line_1_21' title="bbox 182 3276 1288 3369; baseline -0.001 -26"><span class='ocrx_word' id='word_1_147' title='bbox 182 3287 475 3362; x_wconf 89' lang='lat' dir='ltr'>rerumgestarum</span> <span class='ocrx_word' id='word_1_148' title='bbox 498 3277 670 3364; x_wconf 87' lang='lat' dir='ltr'>scriptores</span> <span class='ocrx_word' id='word_1_149' title='bbox 700 3278 815 3363; x_wconf 86' lang='lat' dir='ltr'>fugere</span> <span class='ocrx_word' id='word_1_150' title='bbox 836 3278 954 3369; x_wconf 78' lang='lat' dir='ltr'>pontit,</span> <span class='ocrx_word' id='word_1_151' title='bbox 977 3277 1047 3362; x_wconf 90' lang='lat' dir='ltr'>qui,</span> <span class='ocrx_word' id='word_1_152' title='bbox 1070 3276 1125 3342; x_wconf 95' lang='lat' dir='ltr'>ubi</span> <span class='ocrx_word' id='word_1_153' title='bbox 1159 3276 1201 3341; x_wconf 90' lang='lat' dir='ltr'>de</span> <span class='ocrx_word' id='word_1_154' title='bbox 1221 3276 1288 3346; x_wconf 87' lang='lat' dir='ltr'>Me·</span> 
     </span>
     <span class='ocr_line' id='line_1_22' title="bbox 184 3384 1285 3472; baseline -0.001 -21"><span class='ocrx_word' id='word_1_155' title='bbox 184 3387 376 3454; x_wconf 88' lang='lat' dir='ltr'>lanehthone</span> <span class='ocrx_word' id='word_1_156' title='bbox 400 3386 582 3472; x_wconf 90' lang='lat' dir='ltr'>loquuntur,</span> <span class='ocrx_word' id='word_1_157' title='bbox 606 3385 768 3472; x_wconf 86' lang='lat' dir='ltr'>insignem</span> <span class='ocrx_word' id='word_1_158' title='bbox 791 3385 927 3450; x_wconf 90' lang='lat' dir='ltr'>hominis</span> <span class='ocrx_word' id='word_1_159' title='bbox 954 3384 1168 3450; x_wconf 89' lang='lat' dir='ltr'>eruditionem</span> <span class='ocrx_word' id='word_1_160' title='bbox 1190 3392 1285 3469; x_wconf 90' lang='lat' dir='ltr'>atque</span> 
     </span>
     <span class='ocr_line' id='line_1_23' title="bbox 183 3491 1285 3560; baseline 0.002 -2"><span class='ocrx_word' id='word_1_161' title='bbox 183 3515 306 3560; x_wconf 90' lang='lat' dir='ltr'>summa</span> <span class='ocrx_word' id='word_1_162' title='bbox 335 3493 376 3558; x_wconf 91' lang='lat' dir='ltr'>de</span> <span class='ocrx_word' id='word_1_163' title='bbox 405 3491 539 3558; x_wconf 87' lang='lat' dir='ltr'>diversis</span> <span class='ocrx_word' id='word_1_164' title='bbox 573 3491 724 3558; x_wconf 87' lang='lat' dir='ltr'>doctrinis</span> <span class='ocrx_word' id='word_1_165' title='bbox 753 3491 864 3556; x_wconf 88' lang='lat' dir='ltr'>merita</span> <span class='ocrx_word' id='word_1_166' title='bbox 884 3512 948 3555; x_wconf 92' lang='lat' dir='ltr'>uno</span> <span class='ocrx_word' id='word_1_167' title='bbox 972 3512 1028 3556; x_wconf 91' lang='lat' dir='ltr'>ore</span> <span class='ocrx_word' id='word_1_168' title='bbox 1054 3492 1202 3559; x_wconf 81' lang='lat' dir='ltr'>laudibus</span> <span class='ocrx_word' id='word_1_169' title='bbox 1229 3516 1285 3560; x_wconf 88' lang='lat' dir='ltr'>ex-</span> 
     </span>
     <span class='ocr_line' id='line_1_24' title="bbox 182 3599 1303 3691; baseline 0.006 -27"><span class='ocrx_word' id='word_1_170' title='bbox 182 3602 310 3666; x_wconf 88' lang='lat' dir='ltr'>tollunt.</span> <span class='ocrx_word' id='word_1_171' title='bbox 350 3603 502 3668; x_wconf 83' lang='lat' dir='ltr'>Attamen</span> <span class='ocrx_word' id='word_1_172' title='bbox 533 3601 561 3664; x_wconf 92' lang='lat' dir='ltr'>si</span> <span class='ocrx_word' id='word_1_173' title='bbox 584 3622 643 3664; x_wconf 89' lang='lat' dir='ltr'>nos</span> <span class='ocrx_word' id='word_1_174' title='bbox 669 3621 742 3665; x_wconf 90' lang='lat' dir='ltr'>eum</span> <span class='ocrx_word' id='word_1_175' title='bbox 771 3599 865 3668; x_wconf 88' lang='lat' dir='ltr'>totius</span> <span class='ocrx_word' id='word_1_176' title='bbox 894 3599 1091 3686; x_wconf 87' lang='lat' dir='ltr'>reipublicae</span> <span class='ocrx_word' id='word_1_177' title='bbox 1114 3601 1303 3691; x_wconf 86' lang='lat' dir='ltr'>litterariae¹</span> 
     </span>
     <span class='ocr_line' id='line_1_25' title="bbox 96 3707 1284 3804; baseline 0.001 -29"><span class='ocrx_word' id='word_1_178' title='bbox 96 3785 104 3804; x_wconf 86' lang='lat'><strong>.</strong></span> <span class='ocrx_word' id='word_1_179' title='bbox 183 3712 430 3778; x_wconf 85' lang='lat' dir='ltr'>reformatorem</span> <span class='ocrx_word' id='word_1_180' title='bbox 437 3710 602 3797; x_wconf 88' lang='lat' dir='ltr'>appellare</span> <span class='ocrx_word' id='word_1_181' title='bbox 611 3710 798 3790; x_wconf 88' lang='lat' dir='ltr'>auserimus,</span> <span class='ocrx_word' id='word_1_182' title='bbox 807 3707 893 3774; x_wconf 91' lang='lat' dir='ltr'>haud</span> <span class='ocrx_word' id='word_1_183' title='bbox 906 3707 1016 3793; x_wconf 89' lang='lat' dir='ltr'>paucis</span> <span class='ocrx_word' id='word_1_184' title='bbox 1030 3708 1164 3774; x_wconf 89' lang='lat' dir='ltr'>nimium</span> <span class='ocrx_word' id='word_1_185' title='bbox 1183 3713 1284 3800; x_wconf 90' lang='lat' dir='ltr'>quod·</span> 
     </span>
     <span class='ocr_line' id='line_1_26' title="bbox 185 3815 1285 3890; baseline 0.005 -6"><span class='ocrx_word' id='word_1_186' title='bbox 185 3820 259 3885; x_wconf 89' lang='lat' dir='ltr'>dam</span> <span class='ocrx_word' id='word_1_187' title='bbox 280 3818 399 3884; x_wconf 84' lang='lat' dir='ltr'>dixisse</span> <span class='ocrx_word' id='word_1_188' title='bbox 422 3818 614 3884; x_wconf 89' lang='lat' dir='ltr'>videbimur.</span> <span class='ocrx_word' id='word_1_189' title='bbox 645 3816 697 3884; x_wconf 89' lang='lat' dir='ltr'>Ne</span> <span class='ocrx_word' id='word_1_190' title='bbox 717 3839 796 3883; x_wconf 81' lang='lat' dir='ltr'>vero</span> <span class='ocrx_word' id='word_1_191' title='bbox 816 3839 874 3883; x_wconf 90' lang='lat' dir='ltr'>nos</span> <span class='ocrx_word' id='word_1_192' title='bbox 900 3839 972 3884; x_wconf 86' lang='lat' dir='ltr'>eum</span> <span class='ocrx_word' id='word_1_193' title='bbox 992 3815 1030 3880; x_wconf 87' lang='lat' dir='ltr'>iis</span> <span class='ocrx_word' id='word_1_194' title='bbox 1053 3817 1191 3884; x_wconf 88' lang='lat' dir='ltr'>facturos</span> <span class='ocrx_word' id='word_1_195' title='bbox 1214 3842 1285 3890; x_wconf 87' lang='lat' dir='ltr'>esse</span> 
     </span>
     <span class='ocr_line' id='line_1_27' title="bbox 184 3925 1291 4015; baseline 0.002 -21"><span class='ocrx_word' id='word_1_196' title='bbox 184 3929 378 4011; x_wconf 87' lang='lat' dir='ltr'>existiment,</span> <span class='ocrx_word' id='word_1_197' title='bbox 403 3928 456 4014; x_wconf 91' lang='lat' dir='ltr'>qui</span> <span class='ocrx_word' id='word_1_198' title='bbox 477 3937 512 3994; x_wconf 91' lang='lat' dir='ltr'>ut</span> <span class='ocrx_word' id='word_1_199' title='bbox 531 3928 750 4015; x_wconf 88' lang='lat' dir='ltr'>praeceptoris</span> <span class='ocrx_word' id='word_1_200' title='bbox 771 3925 968 3993; x_wconf 81' lang='lat' dir='ltr'>Germaniae</span> <span class='ocrx_word' id='word_1_201' title='bbox 982 3925 1119 4014; x_wconf 86' lang='lat' dir='ltr'>gloriam</span> <span class='ocrx_word' id='word_1_202' title='bbox 1134 3936 1291 4015; x_wconf 89' lang='lat' dir='ltr'>tueantur,</span> 
     </span>
     <span class='ocr_line' id='line_1_28' title="bbox 183 4035 1347 4124; baseline 0.003 -22"><span class='ocrx_word' id='word_1_203' title='bbox 183 4037 352 4124; x_wconf 88' lang='lat' dir='ltr'>ingenium</span> <span class='ocrx_word' id='word_1_204' title='bbox 374 4036 442 4103; x_wconf 90' lang='lat' dir='ltr'>eius</span> <span class='ocrx_word' id='word_1_205' title='bbox 465 4037 635 4103; x_wconf 89' lang='lat' dir='ltr'>immodico</span> <span class='ocrx_word' id='word_1_206' title='bbox 655 4035 828 4124; x_wconf 86' lang='lat' dir='ltr'>praeconio</span> <span class='ocrx_word' id='word_1_207' title='bbox 850 4036 997 4101; x_wconf 87' lang='lat' dir='ltr'>efferunt.</span> <span class='ocrx_word' id='word_1_208' title='bbox 1040 4035 1077 4104; x_wconf 84' lang='lat' dir='ltr'>Si</span> <span class='ocrx_word' id='word_1_209' title='bbox 1095 4038 1179 4106; x_wconf 88' lang='lat' dir='ltr'>enim</span> <span class='ocrx_word' id='word_1_210' title='bbox 1198 4040 1288 4106; x_wconf 89' lang='lat' dir='ltr'>theo·</span> <span class='ocrx_word' id='word_1_211' title='bbox 1345 4053 1347 4056; x_wconf 82' lang='grc'><strong>’</strong></span> 
     </span>
    </p>
   </div>
   <div class='ocr_carea' id='block_1_4' title="bbox 184 4145 1391 4236">
    <p class='ocr_par' dir='ltr' id='par_1_5' title="bbox 184 4145 1391 4236">
     <span class='ocr_line' id='line_1_29' title="bbox 184 4145 1391 4236; baseline -0.002 -22"><span class='ocrx_word' id='word_1_212' title='bbox 184 4147 306 4233; x_wconf 87' lang='lat' dir='ltr'>logiam</span> <span class='ocrx_word' id='word_1_213' title='bbox 330 4156 521 4234; x_wconf 87' lang='lat' dir='ltr'>spectamus,</span> <span class='ocrx_word' id='word_1_214' title='bbox 532 4146 674 4236; x_wconf 92' lang='lat' dir='ltr'>Philippi</span> <span class='ocrx_word' id='word_1_215' title='bbox 696 4155 764 4212; x_wconf 89' lang='lat' dir='ltr'>erat</span> <span class='ocrx_word' id='word_1_216' title='bbox 775 4145 954 4230; x_wconf 88' lang='lat' dir='ltr'>„dissoluta</span> <span class='ocrx_word' id='word_1_217' title='bbox 974 4145 1008 4210; x_wconf 92' lang='lat' dir='ltr'>in</span> <span class='ocrx_word' id='word_1_218' title='bbox 1028 4168 1122 4212; x_wconf 90' lang='lat' dir='ltr'>suum</span> <span class='ocrx_word' id='word_1_219' title='bbox 1139 4148 1288 4216; x_wconf 78' lang='lat' dir='ltr'>¹ordinem</span> <span class='ocrx_word' id='word_1_220' title='bbox 1388 4207 1391 4212; x_wconf 90' lang='lat'><em>.</em></span> 
     </span>
    </p>
   </div>
   <div class='ocr_carea' id='block_1_5' title="bbox 185 4241 1290 4428">
    <p class='ocr_par' dir='ltr' id='par_1_6' title="bbox 185 4241 1290 4428">
     <span class='ocr_line' id='line_1_30' title="bbox 185 4241 1290 4345; baseline 0.003 -24"><span class='ocrx_word' id='word_1_221' title='bbox 185 4256 386 4339; x_wconf 88' lang='lat' dir='ltr'>contrahere,</span> <span class='ocrx_word' id='word_1_222' title='bbox 407 4256 537 4323; x_wconf 87' lang='lat' dir='ltr'>confusa</span> <span class='ocrx_word' id='word_1_223' title='bbox 553 4264 640 4323; x_wconf 90' lang='lat' dir='ltr'>recte</span> <span class='ocrx_word' id='word_1_224' title='bbox 660 4241 862 4339; x_wconf 88' lang='lat' dir='ltr'>distribuere,</span> <span class='ocrx_word' id='word_1_225' title='bbox 881 4253 1009 4322; x_wconf 85' lang='lat' dir='ltr'>incertis</span> <span class='ocrx_word' id='word_1_226' title='bbox 1029 4254 1137 4324; x_wconf 90' lang='lat' dir='ltr'>locum</span> <span class='ocrx_word' id='word_1_227' title='bbox 1151 4267 1183 4324; x_wconf 87' lang='lat' dir='ltr'>et</span> <span class='ocrx_word' id='word_1_228' title='bbox 1200 4259 1290 4345; x_wconf 88' lang='lat' dir='ltr'>quasi</span> 
     </span>
     <span class='ocr_line' id='line_1_31' title="bbox 1071 4375 1087 4428; baseline 0 0"><span class='ocrx_word' id='word_1_229' title='bbox 1071 4375 1087 4428; x_wconf 87' lang='lat'>1</span> 
     </span>
    </p>
   </div>
   <div class='ocr_carea' id='block_1_6' title="bbox 0 0 1603 5090">
    <p class='ocr_par' dir='ltr' id='par_1_7' title="bbox 0 0 1603 5090">
     <span class='ocr_line' id='line_1_32' title="bbox 0 0 1603 5090; baseline 0 0"><span class='ocrx_word' id='word_1_230' title='bbox 0 0 1603 5090; x_wconf 95' lang='lat' dir='ltr'> </span> 
     </span>
    </p>
   </div>
  </div>
 </body>
</html>
