3200 5088
829 307 874 374 52

299 485 514 553 doctrinarum
539 487 718 575 artiumque
738 489 994 554 communionem
1013 497 1109 574 atque
1125 489 1402 572 consociationem,

301 618 364 682 qna
386 597 511 664 divulsa
533 607 565 663 et
586 601 722 680 turbata,
747 599 899 686 singulae
919 621 1031 666 earum
1058 608 1165 686 partes
1193 609 1328 688 propter
1345 621 1403 686 pe-

300 705 453 772 culiarem
475 708 636 792 quendam
658 731 752 774 naum
774 709 908 774 retineri
932 731 1000 774 non
1020 719 1165 795 possunt
1186 708 1404 795 Itaquetheo-

300 813 379 900 logi,
400 814 475 880 lieet
503 837 628 882 omnes-
645 839 759 883 uacare
786 828 950 903 nequeant
980 819 1130 884 omnihus
1152 817 1276 898 studiis,
1298 826 1405 882 tamen

298 921 331 984 in
352 922 472 987 eunetis
492 946 582 988 snam
601 946 673 990 rem
694 923 748 1010 agi
769 924 852 988 sciro
883 925 1014 992 debent.
1060 925 1159 1008 Quod
1182 924 1209 990 si
1232 927 1337 1012 probe
1355 947 1405 991 re-

297 1039 414 1116 eteque
433 1039 591 1112 tenerent,
615 1033 709 1097 etiam
732 1033 875 1098 omnium
894 1032 1110 1100 doctrinarum
1134 1035 1313 1120 artiumque
1338 1033 1404 1100 eul-

299 1146 395 1220 toros,
418 1161 508 1204 snam
530 1140 668 1206 vicissim
687 1163 758 1206 rem
779 1141 813 1205 in
837 1141 1004 1228 theologia
1026 1142 1090 1230 agi,
1110 1143 1213 1229 magis
1227 1143 1405 1230 ‚magisque

298 1257 522 1334 agnoscerent.
536 1286 578 1298 -
594 1248 664 1318 Sed
684 1249 734 1315 his
754 1250 871 1316 iterum
889 1251 1024 1338 propria
1036 1251 1290 1320 Melanchthonis
1305 1254 1405 1320 verbu

299 1356 515 1443 adiungimus.
1256 1423 1258 1428 .

341 1466 653 1550 ,Perhorrescerent
675 1468 773 1534 animi
796 1469 937 1556 piorum,
964 1469 991 1536 si
1017 1469 1101 1534 inter
1123 1469 1182 1558 pia
1206 1492 1295 1536 sacra
1314 1469 1404 1535 vide-

299 1587 372 1643 rent
390 1602 460 1644 aras
483 1578 632 1646 sordibus
651 1602 688 1644 ac
709 1601 811 1645 coeno
832 1579 1047 1665 conspurcari.
1076 1579 1150 1644 Non
1172 1578 1277 1644 minus
1297 1587 1404 1644 autem

296 1687 372 1754 mali
385 1698 436 1754 est
449 1687 623 1752 doctrinam
636 1688 810 1754 coelestem
826 1689 965 1755 obruere
980 1687 1136 1766 barbarie,
1153 1687 1259 1752 deleta
1279 1687 1403 1774 lingna·

297 1819 388 1877 rum,
416 1796 622 1862 historiarum
655 1805 686 1861 et
720 1798 834 1862 artium
862 1797 1066 1884 cognitione,
1100 1820 1197 1882 quam
1225 1820 1294 1862 aras
1321 1797 1406 1862 inter

295 1904 365 1992 ipsa
393 1928 481 1970 sacra
513 1905 693 1992 polluere.“
745 1905 870 1993 ,Leges
899 1906 1047 1994 publicae
1081 1906 1231 1972 atrociter
1261 1906 1401 1994 puniunt

301 2014 488 2100 saerilegia;
508 2023 539 2078 at
559 2015 661 2080 maius
682 2015 888 2101 sacrilegium
912 2026 971 2100 est,
993 2016 1162 2082 cadesim
1185 2016 1326 2103 spoliare
1344 2015 1403 2080 lin-

298 2145 435 2210 guarum
464 2125 658 2210 cognitione,
687 2113 782 2210 quam
810 2147 907 2190 aurea
924 2135 977 2190 ant
995 2134 1150 2213 argentea
1172 2125 1402 2212 supellectile“

295 2231 506 2314 ,Stultissime
529 2233 671 2298 omnium
691 2233 846 2314 sentiunt,
869 2233 925 2320 qui
945 2233 1044 2300 hodie
1065 2235 1231 2326 nihil-esse
1252 2235 1402 2321 pietatem

294 2341 357 2406 nisi
378 2350 595 2429 contemptum
627 2342 769 2407 omnium
796 2346 953 2410 bonarum
985 2343 1173 2426 litterarum,
1204 2343 1306 2410 omnis
1336 2341 1400 2429 pri-

295 2472 367 2516 seae
393 2450 580 2516 eruditionis
603 2451 825 2518 arbitrantur!
852 2452 981 2533 ,Quum
997 2453 1159 2518 neminem
1179 2475 1286 2540 neque
1306 2453 1401 2540 plura

227 2575 230 2581 ’
294 2580 404 2645 neque
425 2558 561 2626 meliora
585 2559 666 2625 scire
691 2569 839 2646 oporteat
862 2583 956 2646 quam
977 2561 1177 2647 theologum,
1199 2583 1264 2626 non
1286 2581 1400 2627 couve-

294 2669 340 2732 nit
360 2690 434 2736 eum
456 2668 589 2734 aliarum
612 2669 725 2734 ortium
744 2669 860 2734 rudem
882 2675 983 2736 esset
1004 2668 1112 2751 ,Quid
1128 2669 1216 2734 aliud
1236 2677 1285 2734 eat
1305 2691 1400 2755 quarn

294 2772 366 2851 ὄνος
398 2771 481 2858 ἄγων
502 2778 678 2860 μυστήρια,
702 2778 756 2863 qui
787 2802 884 2866 quum
916 2803 1078 2848 sacrarum
1104 2779 1281 2844 litterarum
1302 2777 1399 2842 inter-

291 2908 371 2972 pres
391 2885 503 2954 haberi
532 2886 620 2968 velit,
641 2886 782 2973 reliquos
806 2910 917 2954 omnes
942 2887 1125 2974 disciplinas
1147 2891 1350 2974 aspernatur“
1361 2888 1398 2967 1).

294 2986 385 3076 ,Non
409 3003 516 3083 potest
547 2995 704 3083 scriptura
731 2996 871 3084 intelligi
901 2996 1096 3082 theologice,
1129 2995 1191 3060 nisi
1213 3002 1285 3059 ante
1306 2993 1399 3060 intel-

297 3103 379 3170 leoto
402 3104 678 3191 sitgrammatice.
731 3106 850 3171 Multae
876 3105 1117 3172 controversiae
1137 3101 1304 3169 diiudicari
1323 3124 1398 3190 pos·

295 3222 368 3278 sunt
390 3222 479 3278 recte
503 3213 632 3298 cognita
663 3222 775 3278 natura
807 3215 965 3280 sermonis
989 3223 1020 3280 et
1051 3214 1239 3302 figurarum.
1283 3211 1399 3298 Neque

292 3331 399 3387 tamon
421 3322 461 3387 de
492 3329 606 3386 natura
636 3322 793 3388 sermonis
830 3331 861 3388 et
896 3322 937 3388 do
970 3322 1084 3409 liguris
1116 3321 1257 3388 iudicare
1278 3319 1400 3408 poterit

295 3431 472 3518 quisquam,
497 3430 557 3496 nisi
579 3430 698 3517 legerit
728 3429 944 3518 eloquentium
965 3430 1129 3496 hominum
1152 3430 1278 3518 scripta,
1306 3427 1398 3494 Cice·

293 3540 392 3620 ronis,
416 3537 506 3621 Livii,
525 3539 664 3626 Virgilii,
683 3539 835 3622 Terentii,
858 3539 976 3621 Ovidii,
1001 3538 1197 3622 Quintiliani.
1239 3533 1397 3604 Addendi

295 3644 1396 3730 suntetGracci,H0mcrus,Herodotus,Demosthenes,Lueianus²).

296 3795 336 3806 -
356 3757 411 3822 Ad
431 3757 511 3822 haee
532 3758 663 3823 accedat
685 3757 789 3844 stylus
820 3777 878 3822 seu
901 3755 1088 3822 exercitium
1111 3754 1284 3836 scribendi,
1309 3750 1397 3839 quod

296 3927 494 3942 *-

351 3993 377 4064 1)
394 3993 433 4047 XI
451 3994 511 4049 658.
531 3994 592 4050 238.
610 3993 624 4046 Ι
643 3993 704 4051 594.
724 3993 764 4046 XI
783 3993 844 4049 162.

347 4088 374 4159 2)
388 4087 465 4144 Alibi
484 4088 585 4143 omisso
596 4087 719 4144 Lucieno
731 4089 877 4144 Platonem
895 4092 924 4143 et
937 4087 1153 4143 Demosthenem
1170 4102 1274 4140 summa
1283 4083 1394 4138 Atticae

294 4185 467 4254 eloquentiae
486 4186 612 4256 exempla
630 4186 762 4241 nominat.
