3186 5090
746 361 788 428 39

213 569 309 632 quum
343 548 375 612 in
412 546 544 612 aliarum
576 547 721 631 gentium
762 547 856 612 rebus
890 539 990 630 ges'tis
1024 546 1221 630 inquirendis
1248 555 1311 612 tam

213 655 328 720 curiosi
350 655 458 736 simus,
482 655 670 720 domesticas
693 655 861 740 ignorare“
873 653 910 741 ¹).

252 763 290 827 In
309 764 358 827 bis
380 783 516 848 quoque,
535 771 685 848 quantum
700 761 861 848 discrepet
873 761 1097 827 Melanchtbou
1112 763 1150 826 ab
1166 762 1310 844 Erasmo,

212 873 283 936 satis
305 871 508 936 manifestum
530 880 586 935 est.
641 870 793 935 Erasmus
823 871 918 953 enim,
952 871 1094 954 quamvis
1119 867 1312 936 Germaniae

212 981 308 1046 decus
333 979 489 1043 nominari
510 978 672 1058 amaverit,
704 987 811 1042 tamen
838 982 876 1045 ab
908 978 1032 1042 ardenti
1060 979 1180 1065 patriae
1203 999 1311 1043 amore

211 1088 422 1154 alienissimus
453 1097 529 1152 erat.
571 1087 681 1152 Mundi
712 1109 748 1152 se
779 1088 880 1152 civem
911 1109 982 1152 esse
1013 1087 1148 1152 dicebat.
1191 1086 1310 1152 Melan·

212 1199 339 1280 chthon,
362 1197 438 1262 lieet
459 1207 491 1262 et
519 1198 589 1282 ipsa
609 1219 703 1262 sensu
729 1196 865 1282 quodam
890 1196 1000 1262 mundi
1029 1194 1116 1276 eivis,
1139 1195 1235 1259 simul
1255 1218 1310 1283 pa·

210 1307 289 1370 triae
310 1305 559 1370 amantissimum
582 1327 617 1370 se
637 1305 794 1392 praebuit.
839 1304 949 1385 Quare
973 1305 1153 1386 verbomm,
1177 1327 1256 1389 quae
1278 1305 1310 1369 id

211 1423 374 1496 testantur,
394 1414 561 1479 nonnulla
591 1414 757 1499 colligere,
788 1413 873 1478 haud
901 1414 1056 1479 absonum
1086 1415 1124 1478 ab
1154 1415 1311 1480 hocloco

215 1544 285 1588 esse
309 1521 387 1585 mihi
408 1521 546 1586 videtur.
597 1519 645 1584 Ita
669 1521 753 1584 enim
776 1520 891 1585 elarius
919 1521 1048 1604 patebit,
1071 1543 1133 1605 quo
1158 1543 1236 1607 erga
1257 1545 1311 1608 pa·

210 1629 303 1696 triam
324 1629 428 1694 animo
455 1639 486 1694 et
506 1650 553 1710 eu,
577 1630 618 1695 de
641 1628 754 1713 quibus
785 1651 870 1692 nuuc
893 1611 1042 1710 diximus,
1073 1629 1176 1694 studia
1199 1640 1230 1694 et
1252 1630 1313 1696 alia

212 1747 323 1804 cuncta
344 1738 535 1804 exercuerit.
587 1736 696 1818 „Sunt
721 1737 830 1822 inquit,
862 1739 1012 1823 propriae
1042 1738 1197 1823 quaedam
1222 1738 1314 1804 dotes

210 1857 245 1911 ut
270 1847 404 1912 aliarum
432 1846 578 1932 gentium
610 1846 653 1911 ita
681 1845 926 1912 Germanorum.
980 1845 1210 1912 Existimantur
1241 1869 1312 1914 esse

212 1955 324 2041 aperti,
352 1955 496 2040 ingenui,
527 1964 667 2019 amantes
697 1954 845 2019 candoris
878 1964 909 2019 at
938 1955 1089 2036 veritatis,
1124 1965 1310 2037 constantes,

209 2073 337 2128 tenaces
359 2064 601 2150 promissorum,
626 2072 812 2128 reverentes
833 2062 1039 2149 religionum,
1064 2065 1228 2130 excellunt
1250 2065 1313 2130 for-

210 2173 346 2238 titudine
370 2182 401 2238 et
422 2173 576 2261 imprimis
599 2173 799 2238 delectantur
821 2172 925 2259 gloria
947 2173 1085 2255 militari,
1104 2175 1312 2240 abhorrente

211 2283 398 2348 crudelitate
422 2293 452 2347 et
472 2307 490 2347 a
509 2283 612 2348 foedis
625 2281 847 2348 libidinibus.“
866 2282 1000 2364 „Quum
1020 2283 1099 2350 haee
1117 2284 1202 2348 natio
1225 2285 1315 2348 mini-

212 2415 300 2456 mum
321 2393 437 2458 habeat
458 2392 624 2456 servilium
645 2391 858 2477 ingeniorum,
882 2392 915 2454 iu
936 2392 1048 2456 studiis
1068 2413 1195 2477 quoque
1210 2401 1313 2457 osten-

164 2480 166 2490 *
215 2502 262 2566 dit
284 2502 525 2586 ingenuitatem,
550 2501 618 2565 odit
637 2502 750 2566 sordes
770 2512 801 2566 et
822 2501 957 2587 aucupia
978 2511 1125 2586 quaestus
1142 2501 1174 2564 in
1199 2501 1314 2567 litteris

213 2633 250 2674 ac
271 2609 402 2696 plurimi
433 2610 668 2695 amplectuntur
695 2609 846 2674 honestas
878 2620 961 2674 artes
988 2609 1148 2675 doetrinae
1172 2633 1209 2674 ae
1233 2609 1315 2675 veri-

208 2719 282 2787 tatis
304 2727 442 2784 amared
490 2718 755 2801 „Ohaleondylaq
777 2718 852 2782 civis
874 2718 1090 2799 Atheniensis,
1114 2719 1156 2783 de
1178 2716 1312 2785 Germa·

216 2827 282 2892 uis:
319 2826 459 2909 Nullam,
483 2827 593 2913 inquit,
622 2830 697 2891 noui
720 2837 860 2913 gentem,
890 2828 977 2892 euius
1006 2849 1113 2892 mores
1136 2818 1198 2892 sint
1216 2829 1315 2894 bone-

216 2938 340 3016 stiores,
378 2937 432 3022 qui
464 2937 489 3002 si
520 2937 696 3002 concordes
733 2944 848 3019 essent,
882 2945 990 3002 essent
1020 2937 1156 3002 invictis
1213 2935 1316 3016 „Odia

217 3046 335 3112 debent
354 3047 468 3112 abesse
491 3071 509 3112 a
531 3045 710 3128 Germanis,
743 3067 822 3130 quos
853 3046 922 3130 ipsa
944 3046 1116 3131 appellatio
1149 3045 1316 3112 Germani·

215 3153 285 3218 tatis
308 3177 380 3220 eum
411 3155 451 3220 ad
480 3157 652 3221 eandorem
675 3165 741 3220 tum
771 3156 811 3222 ud
842 3158 1017 3222 fraternum
1039 3179 1182 3224 amorem
1202 3158 1316 3223 adhor-

215 3271 325 3327 tatur.“
361 3262 445 3342 „Nos
470 3263 622 3330 Germani
641 3275 783 3330 nostrum
806 3267 945 3330 nativum
967 3267 1148 3349 eandorem,
1171 3276 1315 3332 naturam

218 3383 370 3462 apertam,
393 3374 463 3438 veri
492 3374 633 3459 rectique
665 3399 702 3440 aa
734 3376 813 3442 lueis
842 3386 1008 3461 amantem,
1048 3379 1137 3443 velut
1170 3368 1321 3462 sanguini

215 3492 325 3548 nostro
345 3475 523 3568 generique
544 3483 627 3548 tueri
650 3508 687 3550 ae
705 3507 895 3551 conservare
912 3487 1117 3570 debebamus,
1134 3497 1164 3552 et
1180 3488 1206 3552 si
1220 3509 1316 3574 quem
1397 3526 1401 3534 ·

217 3593 372 3656 internos
388 3591 519 3678 ingenio
540 3601 634 3674 tecto,
652 3594 799 3676 obscuro,
815 3595 985 3680 perplexo,
999 3598 1170 3682 ambagum
1184 3605 1216 3663 et
1229 3605 1316 3661 tene-

216 3704 349 3767 brarum
380 3701 494 3766 amanti
516 3723 588 3767 esse
610 3703 803 3785 videremus,
831 3726 903 3769 eum
924 3713 959 3768 ut
982 3705 1180 3791 degenerem
1203 3729 1240 3770 aa
1259 3727 1315 3769 uo·
1365 3691 1369 3698 ⁸

217 3811 307 3874 thum
330 3809 437 3874 odisse
458 3819 552 3896 atque
575 3812 793 3896 detestariw).

259 3917 326 3986 Sed
348 3921 430 3984 bene
451 3917 540 3984 videt
563 3918 791 3986 Melanehthon
822 3931 972 4007 quantum
994 3923 1076 3988 desit
1105 3931 1139 3986 ut
1161 3919 1316 3988 Germani

271 4135 652 4207 ummamm

274 4229 894 4302 ammmmmmmm
