3186 5090
713 371 748 437 ll

175 552 275 618 choro
297 560 394 636 atque
417 560 570 616 concentu
591 551 741 636 loquitur,
766 573 860 636 quem
885 551 1083 617 confundere
1101 561 1133 616 et
1153 561 1277 638 pertur-

171 663 249 724 bare
273 681 416 723 summae
446 659 579 724 iniuriae
609 645 658 724 sit.
709 659 826 724 Errare
852 661 938 726 enim
971 683 1026 726 eos
1056 662 1110 747 qui
1141 661 1277 748 singulis

173 777 295 833 tantum
324 768 442 834 artibus
464 767 570 833 locum
598 767 630 832 in
665 768 789 834 civitate
824 768 1015 852 concedant,
1044 770 1182 855 reliquas
1213 794 1278 836 non

177 878 270 942 aliter
291 877 412 964 pellant
434 901 471 943 nc
492 877 583 942 Plato
604 887 713 963 po'e'tas
737 879 876 944 eiecerit.
919 879 987 946 Sed
1001 880 1211 946 Aristotelem
1229 905 1275 945 sa-

175 987 370 1073 pientissime
395 986 516 1052 dixisse
547 1009 611 1051 non
637 987 708 1053 fieri
744 987 899 1054 civitatem
930 1011 972 1052 ex
1005 990 1131 1056 mediae
1161 1000 1192 1054 et
1211 1013 1276 1054 me-

178 1095 270 1178 dico',
291 1096 349 1160 sed
373 1117 416 1160 ex
437 1096 563 1160 medico
587 1103 618 1159 et
640 1095 796 1180 agricola3
827 1095 975 1160 nimirum
999 1097 1133 1162 diversis
1157 1106 1188 1162 et
1208 1098 1278 1184 plu·

175 1203 261 1269 ribus
285 1205 404 1268 artibus
425 1225 504 1289 opus
527 1225 607 1268 esse.
636 1203 751 1288 Neque
772 1205 943 1290 quidquam
960 1204 1123 1291 indignius
1147 1206 1277 1272 homine

173 1313 284 1395 docto,
325 1335 419 1397 quam
457 1312 530 1377 artis
563 1333 640 1376 suae
679 1312 807 1378 laudem
838 1327 959 1399 augere
997 1314 1129 1378 aliarum
1163 1314 1274 1378 artium

174 1421 416 1506 vituperatione.
427 1421 452 1507 ¹)
479 1419 685 1504 Aptissimam
707 1420 853 1506 adiungit
872 1421 1113 1486 similitudinem
1132 1420 1184 1485 liis
1205 1443 1275 1486 ver·

174 1532 238 1595 bis:
277 1527 445 1614 „Cogitate
464 1529 702 1609 adolescentes,
727 1529 802 1614 quid
825 1531 965 1594 futurum
988 1529 1037 1612 sit,
1062 1529 1089 1594 si
1112 1529 1181 1614 quis
1204 1552 1276 1595 eon·

176 1639 362 1704 sonantibus
382 1637 505 1702 omissis
535 1646 655 1700 tantum
677 1636 840 1703 vocalibus
868 1637 913 1702 uti
935 1637 1012 1702 velit
1039 1638 1071 1700 in
1098 1636 1278 1722 loquend03

174 1750 199 1813 is
223 1748 369 1834 profecto
392 1770 462 1811 eum
487 1755 552 1810 tota
581 1767 690 1810 rerum
717 1755 828 1811 natura
861 1746 1027 1832 pugnabit.
1081 1746 1160 1811 Ideo
1192 1748 1278 1811 enim

175 1858 299 1922 litterae
320 1866 473 1921 vocantur
494 1855 667 1935 elementa,
691 1854 777 1939 quod
808 1855 889 1920 sieut
909 1855 942 1918 in
964 1865 1075 1920 natura
1097 1857 1278 1922 necessaria

176 1975 248 2030 sunt
270 1964 444 2045 elementa,
468 1987 509 2028 ex
534 1963 647 2047 quibus
671 1985 804 2049 corpora
826 1973 985 2045 constant,
1012 1963 1055 2028 ita
1074 1964 1199 2029 litterae
1222 1987 1277 2030 ne·

178 2073 333 2138 cessariae
362 2081 435 2136 sunt
466 2071 507 2136 ad
536 2093 718 2150 sermonem
747 2073 1012 2159 componendum.
1065 2072 1175 2152 Quare
1197 2073 1279 2138 sieut

176 2183 232 2246 illa
252 2182 361 2246 divina
386 2181 486 2246 series
516 2180 549 2244 in
577 2180 783 2246 universitate
813 2203 920 2247 rerum
955 2185 1195 2268 perturbaretur
1223 2205 1277 2248 es·

176 2302 283 2378 empto
305 2313 369 2355 uno
392 2291 561 2372 elemento,
582 2290 624 2354 ita
654 2291 832 2356 dissimiles
846 2301 928 2356 artes
951 2292 1035 2355 inter
1058 2314 1094 2356 se
1113 2291 1279 2376 copulatae

178 2413 272 2487 atque
293 2401 419 2465 iunctae
440 2410 522 2464 sunt.
551 2401 596 2464 At
618 2400 703 2464 hunc
724 2400 855 2465 chorum
877 2401 990 2466 artium
1010 2404 1197 2488 perturbant
1215 2401 1278 2483 isti,

179 2511 232 2595 qui
255 2509 394 2574 sentiunt
414 2507 582 2574 inferiores
613 2509 796 2596 disciplinas
806 2510 832 2595 ²)
862 2511 901 2574 ad
928 2509 1023 2574 vitam
1043 2509 1170 2574 inutiles
1194 2531 1275 2591 esse,

179 2621 252 2704 quia
274 2641 383 2684 eorum
414 2619 534 2683 fruetus
557 2618 712 2704 imperitis
738 2641 802 2683 non
824 2619 866 2684 ita
893 2619 925 2684 in
949 2629 1121 2705 conspeetu
1142 2629 1198 2684 est.
1241 2619 1278 2686 Si

179 2729 249 2814 quis
271 2728 443 2793 admirator
466 2727 545 2792 coeli
566 2751 603 2792 ac
624 2727 787 2793 stellarum
810 2728 898 2814 (quid
922 2728 1006 2794 eninr
1022 2728 1072 2792 his
1089 2728 1277 2815 corporibus

177 2836 342 2924 pulchrius
367 2835 500 2920 cogitari
528 2836 671 2920 potasti)
703 2836 781 2900 uelit
809 2859 922 2922 aquam
953 2859 994 2902 ex
1027 2859 1135 2901 rerum
1166 2846 1278 2902 natura

177 2946 256 3029 tolli,
282 2947 367 3032 qued
389 2947 493 3030 impar
523 2946 563 3010 sit
591 2945 755 3010 stellarum
778 2945 926 3027 claritati,
956 2967 1063 3011 norme
1090 2947 1177 3011 hune
1196 2947 1278 3012 insa-

177 3057 247 3122 nire
272 3057 476 3122 diceremus?
519 3054 556 3122 si
579 3055 648 3140 quis
678 3065 811 3140 propter
839 3055 1082 3120 admirationem
1113 3056 1276 3121 doctrinae

176 3165 343 3252 religionis
382 3164 489 3230 iubeat
528 3165 630 3228 evita
658 3164 775 3229 tollere
805 3165 910 3230 omnia
931 3165 1002 3228 iura
1024 3174 1118 3250 atque
1140 3165 1280 3230 instituta

180 3273 357 3355 civitatum,
392 3274 498 3338 onmia
528 3273 655 3338 vincula
697 3273 889 3338 domesticae
924 3275 1023 3355 ritae,
1057 3295 1165 3338 nonne
1195 3275 1280 3340 hunc

181 3403 291 3448 omnes
310 3383 377 3446 sani
401 3382 545 3446 homines
558 3382 588 3445 vi
602 3392 696 3467 etque
710 3383 805 3447 armis
826 3382 1038 3448 coercendum
1064 3404 1135 3446 csse
1162 3381 1279 3448 iudica·

176 3489 292 3554 rent?“
346 3489 540 3555 Mentionem
561 3490 634 3556 lacit
662 3490 828 3556 Monetarii
860 3501 891 3554 et
920 3491 1213 3577 Anabaptistarum,
1237 3492 1277 3556 ad

178 3619 313 3684 querum
337 3599 405 3664 sere
426 3599 559 3663 modum
579 3599 600 3662 ii
624 3598 789 3680 insaniant,
813 3598 866 3682 qui
885 3599 1017 3664 chorum
1041 3609 1071 3664 et
1091 3609 1278 3666 concentum

176 3707 291 3770 artium
313 3709 550 3794 pertirrbent.³)

227 3974 253 4042 1)
273 3973 313 4027 Ct'.
332 3971 360 4026 C.
379 3971 412 4026 R.
433 3971 459 4024 X
480 3973 541 4027 691.
559 3971 598 4025 XI
616 3975 677 4026 212.
695 3971 721 4024 X
744 3973 803 4027 91‘2.
824 3971 864 4025 XI
884 3975 945 4027 uer.

115 4103 122 4124 .
231 4067 485 4138 2)Phi10sophicae
505 4067 633 4135 maxima,
653 4085 734 4136 quam
751 4066 836 4136 aiunt,
849 4067 989 4122 facultatis
1004 4067 1170 4138 significatio
1193 4085 1280 4136 usque

174 4165 209 4218 ad
227 4164 384 4220 recentiora
401 4167 529 4233 tempora
546 4163 656 4218 usitata.
695 4163 733 4218 Cf.
755 4163 836 4233 liant,
855 4164 906 4218 der
924 4164 1014 4219 Streit
1032 4165 1083 4219 der
1100 4164 1278 4219 Facultdteu.

229 4259 563 4328 &aunuum
1076 4254 1079 4260 '
