3186 5090
739 347 776 412 71

205 524 291 590 dictu
309 525 390 591 haee
411 533 484 590 sunt
507 535 539 591 et
562 525 785 612 indignissima
804 527 858 592 tali
880 527 1045 592 hominum
1067 538 1170 612 coetu,
1185 532 1217 594 in
1240 551 1302 616 quo

204 655 301 718 quum
322 644 415 700 sonet
435 634 579 700 doctrina
600 634 659 698 filii
672 633 747 716 Dei,
772 657 869 720 quum
882 635 1177 702 honestissimarum
1189 639 1303 703 artium

202 741 306 806 stadia
326 741 471 824 floreant,
494 741 558 807 vita
580 761 707 826 quoque
729 751 761 808 et
780 763 886 808 mores
909 743 959 808 his
983 744 1094 809 surdiis
1122 746 1302 812 conformes

203 871 275 916 esse
297 850 485 916 debebant.“
528 849 647 916 Notum
672 859 720 915 est
741 871 833 936 quam
856 851 979 916 fortiter
998 851 1224 918 Melanchthon
1246 853 1301 918 tali

201 957 342 1023 ferociae
360 959 460 1023 etiam
484 981 590 1023 eoram
609 953 769 1024 restiterit.
802 957 918 1044 Neque
939 967 1045 1024 tamen
1068 961 1206 1026 nativam
1226 961 1300 1026 ado-

201 1066 390 1132 lescentium
418 1066 612 1134 alacritatem
646 1067 767 1131 duriori
802 1065 969 1152 disciplina
998 1070 1158 1155 compesci
1193 1079 1225 1133 et
1252 1089 1301 1134 re·

201 1173 322 1258 stingui
340 1173 450 1240 voluit.
500 1174 698 1240 Hilaritatem
729 1175 763 1238 in
793 1174 831 1238 iis
860 1157 975 1239 amavit
1003 1177 1060 1242 sed
1086 1176 1301 1242 verecundam

202 1291 234 1348 et
253 1281 360 1346 Attico
380 1282 448 1346 sale
471 1303 686 1366 conspersam.
730 1281 795 1363 Qui
815 1282 848 1346 in
871 1283 1023 1348 conviviis
1047 1283 1116 1348 sine
1139 1283 1300 1368 colloquio

200 1389 287 1453 laeto
309 1398 340 1453 et
354 1388 496 1474 ingenuo
510 1391 626 1455 sedere
644 1390 799 1472 solebant,
821 1413 886 1454 non
905 1391 1010 1455 minus
1026 1413 1119 1476 quam
1137 1389 1298 1478 Cyclopas

199 1497 277 1562 istos
299 1497 449 1562 barbaros
480 1499 692 1582 nuncupabat.
742 1497 923 1581 „Germani
951 1499 1062 1586 iuquit,
1088 1500 1167 1564 tales
1187 1509 1302 1565 vocant

200 1605 435 1688 Dockmeuser,
460 1606 533 1690 quia
558 1607 664 1672 omnia
689 1607 824 1672 audiunt
849 1616 881 1672 et
901 1607 1093 1688 observare
1127 1630 1198 1672 cum
1231 1608 1300 1672 aliis

200 1713 341 1780 assident
363 1723 396 1778 et
414 1714 496 1779 nihil
517 1714 579 1800 ipsi
601 1715 718 1780 dieunt.
740 1714 986 1780 Dockmeuseru
1006 1715 1166 1801 significat
1187 1715 1302 1780 doloso

200 1823 378 1905 mussitare,
401 1827 707 1906 βαυκοπανουργεΐν.
732 1821 838 1889 Valde
859 1823 1019 1909 ingratum
1042 1832 1100 1902 est,
1124 1845 1194 1888 esse
1216 1823 1302 1910 apud

200 1930 409 1996 occultatores
439 1930 596 1994 eiusmodi
627 1930 733 1995 animi.
789 1930 863 1996 Man
892 1931 988 1995 weiss
1019 1931 1107 1998 nicht
1135 1931 1198 1995 wie
1229 1952 1302 1994 man

203 2038 283 2104 dran
304 2038 354 2120 ist,
374 2059 470 2104 vvenn
490 2059 564 2102 man
585 2038 638 2104 bei
659 2039 792 2105 solchen
813 2038 939 2104 Lcuten
959 2039 1042 2104 sitat.
1084 2039 1184 2104 Multo
1208 2039 1301 2104 etiem

198 2147 362 2212 insuavius
396 2156 454 2229 est,
489 2147 616 2231 quando
646 2148 824 2213 efferuntur
843 2168 905 2235 per
931 2149 1010 2213 tales
1041 2148 1096 2213 illa
1118 2169 1198 2233 quae
1220 2148 1303 2213 dicta

198 2265 272 2321 sunt
291 2255 377 2321 inter
398 2256 527 2320 amicos.
568 2255 652 2320 Nam
672 2256 705 2319 in
727 2256 874 2321 convivio
902 2259 1001 2321 multa
1023 2256 1170 2321 dicuutur
1190 2256 1298 2320 hilari-

198 2373 258 2447 ter,-
271 2385 351 2450 quae
363 2385 428 2428 non
443 2371 516 2428 sunt
531 2363 697 2429 efferenda
709 2349 830 2429 omnia:
847 2365 951 2427 Μισῶ
958 2364 1103 2446 μνήμονα
1116 2363 1296 2446 conadaco:

198 2469 265 2538 Odi
285 2492 462 2537 memorem
485 2480 733 2558 compotorem.“
776 2472 879 2551 „Boni
900 2472 961 2536 viri
982 2472 1115 2537 veniunt
1135 2472 1176 2536 ad
1199 2473 1298 2536 bono-

197 2601 269 2644 rum
292 2579 447 2660 convivia,
477 2599 543 2643 non
571 2579 762 2644 heluationis
784 2588 817 2644 et
835 2579 955 2644 ventris
986 2601 1089 2661 causa,
1113 2579 1173 2644 sed
1202 2581 1300 2644 bene·
1340 2625 1351 2655 ,

198 2687 368 2769 volentiae,
388 2708 573 2753 sermonum
595 2697 627 2752 ct
647 2687 880 2774 colloquiorum
904 2711 1013 2753 causat
1038 2689 1110 2752 dass
1132 2687 1222 2752 einer
1243 2687 1300 2751 mit

199 2799 274 2864 dem
294 2797 419 2862 andern
440 2796 532 2878 rede,
552 2796 610 2860 ihu
626 2805 725 2862 trdste
744 2797 812 2862 und
830 2796 897 2870 ihm
916 2796 986 2861 sein
1002 2795 1143 2886 Gem'rith
1162 2796 1295 2877 orthae,

198 2929 259 2994 pro
279 2907 353 2972 loco
375 2914 406 2970 et
440 2914 596 2990 tempore.
653 2903 808 2972 Convivia
833 2914 906 2970 sunt
927 2906 1020 2992 signa
1043 2906 1296 2986 benevolentiae,

197 3016 232 3080 in
255 3017 369 3100 quibus
388 3014 515 3080 aluntur
535 3013 700 3097 amicitiae,
721 3013 817 3080 animi
839 3016 1073 3097 confirmantur,
1094 3015 1250 3080 docentur
1268 3024 1299 3078 et

200 3123 445 3210 alliciuntrr“¹).

241 3231 400 3297 Omnibus
422 3255 499 3297 vero
522 3232 607 3297 vitiis
629 3240 724 3317 atque
745 3231 867 3296 damnis
889 3231 953 3296 illis
979 3230 1157 3319 perspectis
1178 3231 1300 3296 Melan-

200 3341 316 3406 chthon
346 3339 579 3406 academiarum
609 3341 694 3405 cives
728 3361 794 3404 non
825 3339 895 3404 vult
926 3341 1095 3424 quominus
1127 3361 1184 3404 sua
1215 3340 1300 3405 bona

198 3449 348 3515 noverint
377 3449 535 3535 impediri.
593 3447 701 3529 Quare
735 3448 908 3535 splendida
936 3457 1031 3534 atque
1062 3448 1227 3535 praeclara
1257 3448 1300 3513 de

199 3558 361 3624 academia
381 3558 567 3643 praedicare
586 3577 650 3622 non
674 3557 799 3622 desinit.
823 3557 951 3639 „Vetus
965 3557 1076 3642 inquit,
1098 3566 1146 3622 est
1164 3557 1299 3622 dictum:

199 3669 300 3735 Extra
333 3669 570 3734 universitatem
599 3690 665 3734 nou
699 3677 749 3734 est
776 3668 867 3732 vita.“
925 3666 1069 3746 „Revera
1095 3667 1220 3730 nullum
1252 3676 1300 3732 est

199 3777 364 3864 pulchrius
386 3777 601 3863 spectaculum
624 3797 716 3863 quam
738 3779 897 3843 bonorum
918 3784 950 3841 et
971 3775 1137 3840 doctorum
1155 3775 1298 3840 virorum

201 3894 339 3952 coetus.“
381 3885 506 3972 „Saepe
528 3885 606 3950 mihi
634 3887 722 3952 venit
746 3886 780 3949 in
801 3893 942 3950 mentem
971 3884 1089 3949 veteris
1110 3885 1236 3950 fabulae
1258 3886 1299 3950 de

200 3996 348 4076 Astraea,
369 4016 462 4079 quam
483 3995 591 4059 ferunt
610 3994 735 4081 pulsam
755 3994 931 4060 civitatibus
953 4001 1065 4079 postea
1088 3992 1121 4056 in
1145 4014 1222 4057 rure
1243 3993 1297 4058 diu

202 4159 396 4169 ..--.--.

255 4227 281 4296 1)
300 4227 327 4282 X
343 4230 405 4284 918.
425 4229 485 4284 out.
505 4257 540 4268 ·-
556 4227 635 4284 Koch
651 4229 669 4283 l.
688 4245 712 4283 e.
732 4245 759 4298 p.
779 4229 821 4284 93.
841 4256 876 4268 -·-
896 4227 924 4282 C.
943 4228 976 4300 R.
995 4229 1085 4284 XXIV
1103 4229 1164 4284 722.
1183 4229 1244 4284 526.
