3186 5090
742 312 760 374 7

201 489 289 575 quasi
312 490 347 554 ia
368 489 490 574 pictura
512 490 665 571 colorum,
687 489 810 556 nullum
829 498 998 570 tumorem,
1021 490 1162 576 denique
1183 490 1304 576 simpli·

200 599 249 666 cia
270 620 342 664 esse
366 607 397 662 et
417 607 503 664 recta
520 599 635 664 omnia.
646 598 672 686 ¹)
695 598 787 679 Quae
809 620 906 683 quum
921 598 1089 664 verissima
1109 599 1181 681 sint,
1207 598 1303 663 simul

201 707 417 775 confitendum
441 716 497 789 est,
521 707 812 790 lllelanchthonem,
837 708 923 794 quod
946 708 987 772 ad
1008 708 1182 795 expolitam
1205 717 1300 792 atquc

200 817 374 902 perfectam
398 816 547 881 orationis
569 817 704 882 formam
728 817 876 903 pertinet,
902 838 967 880 non
988 825 1071 882 tanta
1092 815 1215 902 ingenii
1236 839 1303 882 mo-

200 933 350 990 numenta
371 924 551 1010 reliquisse,
573 933 688 1010 quanta
708 926 747 990 ab
770 947 808 990 ee
832 933 1020 1011 exspectare
1041 925 1110 1009 quis
1133 925 1300 1010 potuisset.

202 1033 273 1100 llce
299 1034 393 1098 etiam
417 1033 566 1098 Erasmus
589 1033 678 1116 vidit,
702 1034 754 1118 qui
778 1056 874 1120 quum
896 1033 1023 1119 saepius
1040 1042 1220 1119 temporum
1241 1033 1303 1098 dis·

202 1140 290 1206 sidiis
322 1164 395 1206 eum
424 1141 522 1208 Musis
551 1151 695 1228 ereptum
726 1142 973 1228 deploravisset,
1009 1141 1147 1228 denique
1179 1141 1212 1206 in
1241 1141 1305 1207 dia·

199 1252 278 1337 logo
294 1250 503 1318 Ciceroniano
524 1251 608 1316 inter
627 1251 810 1337 scriptores,
825 1249 879 1316 illa
899 1259 1001 1316 aetate
1015 1250 1128 1316 Latina
1150 1251 1300 1336 eloquen-

197 1361 242 1424 tia
262 1360 504 1442 celeberrimos,
528 1361 590 1426 hec
621 1347 845 1426 candidissimo
869 1360 961 1426 illurn
991 1360 1108 1426 iudicio
1138 1359 1305 1446 depingit:

201 1469 351 1548 „Nullum
373 1470 435 1538 hoe
454 1471 593 1556 ingenio„
610 1469 743 1551 felicius,
761 1470 788 1534 si
805 1478 904 1534 totum
920 1478 1062 1536 vacasset
1075 1469 1183 1535 Musis.
1206 1467 1302 1535 Nunc

199 1579 281 1644 hanc
304 1578 433 1643 laudem
457 1579 571 1643 leviter
589 1576 764 1658 ‚affectavit
789 1601 827 1642 ac
847 1588 977 1642 naturae
1000 1577 1149 1644 felicitate
1173 1586 1300 1642 conton-

201 1697 262 1769 tuS,
286 1709 346 1753 nec
364 1687 438 1750 artis
458 1709 519 1752 nce
542 1705 636 1751 curae
651 1685 846 1772 permultum
867 1685 909 1750 ad
929 1686 1135 1752 scribendum
1157 1685 1302 1750 adhibuit

201 1805 233 1861 ct
254 1795 341 1860 haud
363 1794 429 1861 scio
450 1817 490 1859 an
512 1795 712 1860 allectantem
734 1794 825 1859 nervi
845 1793 964 1859 fuerint
983 1793 1304 1860 defecturisllxtem·

199 1905 303 1992 parali
333 1903 462 1970 dictioni
493 1912 583 1968 natus
614 1903 758 1984 videtur;
789 1927 874 1970 nuno
892 1903 961 1968 aliis
988 1904 1125 1969 intentus
1148 1904 1300 1988 cloquen-

199 2015 262 2080 tiac
285 2013 426 2078 studium
449 2035 567 2098 magna
595 2022 747 2098 exparte
776 2013 904 2077 videtur
933 2012 1154 2101 abiecisse.“2)
1200 2011 1304 2078 Etiam

202 2121 402 2190 Camerarius
425 2122 532 2188 dicere
562 2145 626 2186 noa
649 2123 888 2209 praetermittit,
912 2122 1074 2188 veteribus
1096 2122 1209 2190 Atticis
1232 2124 1299 2190 Μο-

200 2231 423 2296 lanchthenem
437 2230 624 2318 propiorem
644 2254 813 2296 evasurum
830 2231 939 2313 fuisse,
961 2232 986 2296 si
1006 2231 1169 2298 mediocre
1186 2233 1300 2299 saltem

201 2340 303 2407 ocium
318 2342 360 2406 ad
383 2361 513 2405 suorum
524 2340 571 2406 illi
585 2339 693 2406 limam
716 2348 747 2405 et
762 2339 991 2428 expolitionem
1009 2363 1193 2406 concessum
1205 2352 1300 2424 esset,

200 2473 281 2536 quae
306 2449 461 2536 pleraque
486 2449 591 2514 onmia
611 2471 676 2514 non
702 2448 786 2514 edita
808 2449 866 2514 sed
895 2451 1011 2531 effusa,
1035 2471 1100 2515 aon
1129 2449 1306 2536 composita

198 2561 257 2628 sed
279 2559 465 2626 festinanter
489 2557 522 2622 in
546 2559 666 2624 chartas
692 2558 841 2640 coniecta,
866 2580 930 2622 non
949 2559 1064 2623 emissa
1082 2559 1141 2623 sed
1166 2559 1305 2643 expulsa

199 2671 271 2752 sint,
295 2693 360 2734 non
382 2669 561 2757 prodierint
581 2669 639 2734 sed
662 2668 818 2734 evolarint
832 2677 970 2755 urgente
992 2668 1141 2734 nimirum
1162 2669 1301 2734 necessi·

200 2788 263 2844 tate
286 2788 318 2844 et
338 2801 373 2845 re
401 2781 592 2867 postulante.
641 2779 743 2844 Addit
768 2789 874 2844 tamen
904 2801 945 2843 ne
978 2779 1024 2845 sic
1054 2777 1182 2864 quidem
1219 2779 1304 2844 illius

142 2939 146 2948 .
202 2888 320 2974 scripta
342 2888 498 2974 languere
521 2898 574 2954 aut
596 2888 763 2970 dissoluta,
786 2887 907 2970 ieiuna,
928 2887 1016 2971 trita,
1042 2888 1189 2974 vulgaria
1212 2911 1304 2968 esse,

202 2996 236 3060 in
269 2995 306 3060 iis
341 3018 419 3081 quae
449 2999 489 3063 ad
517 2997 664 3083 publicas
696 2996 941 3062 consultationes
974 2999 1028 3064 vel
1055 2998 1304 3064 deliberationes

203 3105 430 3192 pertinuerint,
454 3105 615 3172 neminem
641 3113 790 3172 attentam
824 3107 1002 3172 cautionem
1022 3107 1107 3172 illius
1136 3117 1167 3172 et
1191 3108 1304 3174 diluci-
1401 3149 1408 3181 f

204 3215 276 3280 dam
301 3215 534 3300 expositionem
550 3215 681 3282 vincere
701 3216 796 3280 immo
816 3217 942 3301 assequi
956 3217 1115 3303 potuisse3
1138 3216 1306 3282 sevidisse

201 3345 275 3388 eum
294 3324 328 3390 in
349 3323 463 3390 talibus
494 3325 645 3410 operibus
673 3347 739 3389 non
769 3325 867 3390 mode
900 3324 1128 3390 sententiarum
1155 3325 1305 3410 pondera

202 3431 438 3498 examinantem
460 3434 520 3499 sed
541 3436 640 3499 verba
660 3433 788 3519 singula
813 3433 900 3518 quasi
931 3433 1068 3498 aurificis
1090 3442 1209 3499 statera
1229 3456 1303 3521 per·

203 3542 446 3631 peccatone)
496 3542 536 3606 Et
558 3543 585 3608 si
606 3552 697 3608 vetus
725 3544 861 3629 scriptor
882 3541 971 3610 Julio
995 3541 1124 3609 Caesari
1148 3545 1303 3627 concedit,

201 3659 237 3714 ut
251 3660 384 3737 propter
402 3651 655 3738 magnitudinem
669 3652 894 3737 cogitationum
916 3661 947 3718 et
963 3653 1187 3738 occupationes
1200 3675 1309 3718 rerum

201 3759 305 3826 miuus
327 3760 366 3824 in
393 3762 575 3848 eloquentia
599 3762 741 3829 effecerit
764 3785 859 3848 quarn
886 3762 1051 3849 ingenium
1075 3764 1143 3828 eius
1166 3763 1304 3847 postula·

252 3925 278 3994 1)
297 3926 403 3979 (tamer.
422 3926 440 3979 l.
460 3942 483 3978 e.
501 3942 528 3994 p.
549 3923 583 3978 72
600 3940 658 3993 seq.

251 4021 277 4090 2)
297 4021 409 4074 Erasini
426 4038 490 4091 opp.
509 4020 551 4076 ed.
572 4019 633 4074 Bas.
653 4037 677 4074 a.
696 4021 774 4076 1540.
801 4019 814 4072 Ι
840 4038 867 4090 p.
887 4020 939 4076 853
963 4019 1168 4091 (Ciceronianus
1190 4038 1214 4075 a.
1235 4020 1304 4076 1528

200 4117 291 4172 editus
310 4118 371 4186 est).

242 4213 269 4282 3)
291 4213 397 4268 Gamer.
417 4213 435 4266 l.
455 4230 478 4268 e.
499 4230 527 4283 p.
549 4213 593 4269 73.
620 4214 664 4269 75.
