3186 5090
802 377 858 440 40,

272 567 371 624 unns
395 557 464 624 illas
497 558 609 624 laudes
645 579 704 641 pro
733 557 819 622 virili
850 566 943 644 parte
972 565 1130 622 tueantur.
1186 555 1297 636 „Quae
1329 565 1377 621 est

274 665 379 750 gloria
402 666 521 752 patriae
542 666 569 730 si
588 665 751 752 figmentis
771 665 991 731 celebratur'l“
1034 664 1128 729 Hane
1148 664 1375 750 quaestionem,

277 795 372 857 quam
393 774 524 861 speciali
544 796 641 840 sensu
662 775 772 839 iuveni
804 773 928 840 cuidam
951 772 1151 861 proponit,¹)
1183 772 1377 858 generaliori

273 902 369 946 sensu
391 881 460 968 ipse
483 882 586 947 animo
610 903 740 969 semper
768 882 855 966 quasi
878 891 1082 968 praesentem
1108 880 1214 946 habet
1270 879 1378 966 Saepe

274 990 420 1076 deplorat
448 999 650 1078 praesentem
683 989 947 1084 Germanicarum
977 1011 1086 1054 rerum
1116 997 1249 1069 statum;
1286 990 1376 1076 quid-

274 1098 350 1184 quid
380 1098 499 1185 patriae
530 1109 624 1198 tuppe
654 1099 769 1182 evenit,
798 1109 945 1184 tanquam
978 1099 1143 1185 propriam
1167 1098 1376 1164 calamitatem

213 1279 231 1308 ὁ
273 1208 376 1272 sentit.
429 1207 555 1290 „Brevi7
578 1208 689 1294 inquit,
713 1210 793 1277 mira
823 1218 870 1274 est
891 1209 973 1274 facta
1001 1205 1096 1271 huius
1119 1206 1255 1270 nationis
1278 1215 1376 1270 muta·

272 1315 327 1397 tio,
350 1316 528 1402 negligitur
557 1339 608 1381 res
630 1316 782 1398 militaris,
806 1316 931 1381 litterae
960 1337 1024 1380 non
1053 1315 1158 1380 solum
1181 1325 1376 1402 spernuntur

275 1425 334 1490 sed
357 1423 451 1488 etiam
474 1435 547 1488 sunt
572 1424 605 1489 in
629 1425 731 1490 odioss
777 1425 929 1501 „Veneno
952 1423 1199 1511 peregrinarum
1220 1448 1257 1490 ao
1278 1425 1377 1510 pessi·

272 1556 396 1598 marum
417 1534 562 1619 gentium
586 1544 775 1618 ¹nostrornm
803 1533 968 1598 hominum
1003 1533 1135 1619 ingenia
1161 1525 1375 1599 infieiuntur.“

273 1641 447 1720 „Videmus
466 1641 528 1706 hoo
548 1631 693 1706 seculum
714 1642 802 1708 nulla
825 1663 862 1706 re
882 1643 985 1728 magis
1008 1641 1154 1707 laborare
1177 1663 1270 1726 quam
1288 1640 1377 1728 quod

275 1749 491 1836 potentiorum
519 1772 613 1815 aures
635 1772 700 1814 non
721 1751 817 1814 modo
840 1750 984 1837 linguam
1008 1750 1154 1831 liberam,
1177 1750 1237 1816 sed
1259 1772 1302 1816 ne
1325 1771 1375 1816 oo·

274 1859 461 1944 gitationem
484 1859 614 1944 quidem
635 1858 788 1924 libertatis
812 1881 993 1925 memorem
1016 1862 1102 1924 ferre
1123 1859 1276 1945 possint.“
1311 1860 1379 1924 Au-

274 1967 347 2032 ditis
370 1967 428 2049 iis,·
444 1989 526 2053 quae
545 1967 648 2032 Roma
669 1978 759 2052 capta
775 1967 929 2034 Germani
949 1967 1067 2032 milites
1086 1969 1191 2054 turpia
1211 1967 1377 2032 commise-

274 2084 361 2141 rant:
401 2073 589 2160 „Nunquam
616 2085 718 2158 antea‚
749 2075 850 2161 inquit
884 2075 1077 2156 exclamans,
1113 2075 1210 2160 captis
1245 2075 1379 2141 urbibus

275 2184 411 2271 perinde
438 2185 560 2271 polluta
586 2195 660 2250 sunt
682 2210 718 2252 ao
746 2187 911 2273 profanata
934 2185 1039 2248 omnia
1065 2207 1166 2272 saera,
1208 2183 1379 2271 Nunquam

276 2303 367 2358 antea
386 2292 418 2357 in
447 2291 638 2360 Germanico
656 2277 760 2359 ¹milite
782 2303 886 2382 notata
914 2302 962 2358 est
984 2293 1121 2374 avaritia,
1146 2315 1308 2378 nunquam
1332 2316 1379 2358 sa-

244 2435 252 2448 ·
278 2424 401 2467 orarum
433 2426 469 2467 ae
500 2402 678 2469 divinarum
710 2426 819 2468 rerum
851 2403 963 2468 similis
999 2411 1198 2490 contemptus
1233 2401 1300 2466 fuit.
1338 2439 1380 2450 —

277 2511 357 2594 Quis
378 2522 442 2577 toto
467 2514 591 2579 Veneto
615 2513 700 2578 bello
729 2513 975 2579 aMaximiliani
1000 2515 1144 2580 exercitu
1165 2536 1265 2578 unum
1287 2512 1377 2598 oppi-

278 2623 354 2690 dum
374 2623 493 2688 audivit
522 2623 682 2709 direptum
698 2613 801 2688 esse?
843 2622 947 2688 Nemo
969 2625 1144 2710 profecto.“
1198 2621 1300 2687 Addit
1323 2643 1379 2686 ex·

278 2731 419 2817 emplum
443 2711 603 2816 quoddam
633 2754 775 2797 summae
796 2732 982 2815 severitatis,
1008 2753 1070 2817 quo
1094 2733 1162 2812 ille,
1186 2731 1263 2795 alias
1285 2729 1380 2795 lenis-

277 2841 384 2921 simus,
412 2840 595 2922 ostenderit,
621 2862 703 2920 „non
727 2841 833 2905 omnia
854 2839 1026 2906 victoribus
1049 2839 1201 2906 militibus
1223 2839 1256 2903 in
1277 2839 1379 2903 viotoa

277 2947 441 3030 lioere“²).

319 3055 411 3120 Idem
438 3057 591 3122 acerrime
620 3058 779 3145 vituperat
810 3056 1001 3140 Germanos,
1036 3037 1121 3142 quod
1152 3055 1315 3136 Livonios,
1351 3063 1382 3118 et

278 3164 473 3232 ooloniarum
498 3176 529 3232 et
551 3167 706 3233 ecelesiae
728 3168 913 3234 foederibus
942 3168 1020 3255 ipsis
1051 3166 1248 3248 ooniunotos,
1274 3174 1382 3230 eontra

278 3273 468 3355 MoscovioS,
492 3274 731 3340 crudelissimos
753 3284 847 3359 atque
871 3277 1021 3342 barbaros
1041 3275 1161 3353 hostes,
1180 3295 1246 3338 non
1269 3274 1379 3338 defeu-

279 3381 393 3464 derint,
402 3382 429 3472 ³)
454 3384 538 3468 quod
562 3384 747 3449 foedissimo
770 3384 1008 3472 ingratitudinis
1027 3384 1178 3468 exemplo
1198 3382 1382 3468 llungaros‚

279 3490 466 3556 fortissimos
486 3502 744 3578 propugnatores
767 3515 851 3574 suos,
876 3517 895 3558 a
924 3493 1037 3559 Turois
1062 3491 1291 3558 ferocientibus
1323 3485 1378 3574 opss

280 3598 375 3683 primi
394 3600 480 3684 passi
501 3600 597 3680 sint;“
641 3599 853 3681 „Germaniae
885 3602 1025 3667 maxime
1052 3600 1203 3686 Europae
1233 3599 1379 3683 reliquae

282 3706 503 3774 defensionem
527 3730 598 3774 esse
620 3711 897 3797 sustinendam“⁴).
919 3708 1095 3796 „Optarim
1114 3709 1225 3794 inquit,
1250 3707 1382 3774 Germa-

335 3971 361 4042 1)
380 3973 392 4024 Ι
412 3973 474 4028 928.

335 4069 361 4140 2)
378 4069 417 4122 XI
436 4069 496 4124 368.
516 4068 577 4124 477.
599 4068 660 4123 402.
679 4067 718 4121 XI
739 4068 799 4122 134.

336 4165 362 4235 3)
381 4163 432 4216 XX
451 4163 513 4218 824.
533 4163 578 4233 (of.
597 4163 636 4216 IX
655 4163 716 4220 717.
739 4163 804 4233 seq).

336 4259 363 4329 4)
382 4259 421 4313 XI
438 4260 499 4315 567.
519 4258 637 4315 111794.
