3186 5090
753 394 796 459 43

223 596 297 640 eum
318 576 482 640 hominum
504 598 607 662 genus
627 578 838 664 amplectitur,
864 577 906 642 ita
926 577 1085 642 terrestris
1111 576 1230 664 patriae
1252 575 1321 642 dul-

224 682 349 748 cissima
383 685 579 750 consuetudo
616 687 765 756 mortales
798 707 991 773 praeparare
1025 686 1261 771 quodammodo
1291 684 1321 750 ei

222 792 357 874 videtur,
379 801 414 856 ut
444 794 616 860 coelestem
638 796 772 881 patriam
795 796 829 858 in
858 795 994 860 ecclesia
1015 796 1202 882 patefactam
1225 816 1320 880 quae·

223 909 291 966 rant
314 924 351 965 ac
372 902 513 988 diligant,
546 903 731 990 praesertim
758 925 855 988 quum
891 912 922 968 et
945 902 1125 989 respublica
1154 904 1223 968 sine
1246 902 1321 968 reli·

222 1008 319 1093 gione
343 1009 608 1102 consistere'non
638 1011 739 1096 possit
762 1021 793 1075 et
820 1011 875 1075 ubi
906 1010 1008 1098 patria
1038 1009 1230 1092 defenditur,
1256 1032 1321 1076 non

221 1139 281 1204 pro
304 1117 382 1183 locis
404 1117 507 1182 solum
532 1120 589 1184 sed
613 1119 706 1184 etiam
729 1142 788 1206 pro
810 1119 873 1184 aris
892 1119 1070 1184 drmieetur.
1093 1118 1202 1199 Quare
1220 1119 1320 1184 eccle-

164 1294 166 1298 ,
222 1226 286 1290 siae
308 1225 497 1290 universitas
521 1237 552 1292 et
571 1227 742 1314 peculiaris
763 1227 961 1313 reipublicae
980 1227 1158 1314 proprietas
1173 1249 1239 1291 non
1261 1228 1321 1292 tol·

223 1334 292 1399 lere
315 1335 508 1402 seinvicem
531 1337 590 1402 sed
612 1358 802 1402 conservare
818 1347 849 1402 et
864 1338 975 1402 fovere
989 1337 1118 1402 debent.
1143 1335 1321 1414 „Coelestis

222 1443 322 1529 patria
350 1445 532 1531 expetenda
562 1456 594 1511 et
620 1455 725 1526 tamma
755 1445 877 1511 interea
905 1469 962 1510 sua
994 1445 1108 1530 cuique
1135 1445 1250 1532 Sparta
1272 1468 1321 1509 or·

223 1553 330 1617 nanda
361 1561 425 1616 est“
436 1554 473 1639 ¹).
526 1552 566 1618 Et
586 1563 683 1639 urget
713 1552 821 1618 divina
844 1554 998 1639 quaedam
1028 1554 1198 1620 necessitas
1228 1553 1321 1618 etiam

222 1660 347 1743 invitos,
372 1669 406 1725 ut
433 1681 486 1726 res
508 1662 547 1726 ad
577 1683 777 1728 communem
799 1662 941 1726 omnium
974 1662 1110 1726 salutem
1141 1670 1321 1748 spectantes
1352 1643 1354 1648 ¹

224 1770 419 1855 aliquatenus
438 1779 557 1835 curent.
586 1769 757 1836 Enimvero
770 1771 922 1854 „fi1riunt,
936 1771 990 1857 qui
1010 1770 1152 1857 publicas
1168 1769 1323 1835 ecclesiae

224 1888 256 1944 et
283 1879 491 1965 imperiorum
526 1881 741 1965 quassationes
768 1879 849 1944 nihil
877 1880 917 1946 ad
951 1901 987 1944 se
1023 1879 1186 1966 pertinere
1216 1878 1322 1943 existi-

224 1996 318 2053 mant.
366 1987 576 2073 Experientia
596 1989 689 2054 nimis
714 2011 826 2054 verum
849 2009 921 2056 esse
944 1996 1075 2053 testatur
1097 1987 1227 2054 Solonis
1251 2008 1322 2051 ver·

223 2118 292 2162 sum
316 2097 370 2182 qui
392 2098 450 2162 ait:
617 2169 620 2178 Ι

373 2205 496 2271 Intrant
516 2207 550 2271 in
570 2207 724 2274 thalamos
748 2207 876 2294 publiea
896 2208 1010 2274 damna
1030 2206 1174 2294 tuosqf‘

266 2313 408 2382 Primum
439 2317 509 2402 ipsa
538 2317 651 2381 domus
688 2316 741 2381 vel
771 2316 897 2398 familia,
929 2316 991 2382 nisi
1026 2317 1222 2382 sanctitatem
1256 2316 1323 2382 eius

225 2424 373 2509 publicus
397 2423 524 2509 quidam
545 2426 625 2490 ordo
647 2434 762 2508 tuetur,
782 2426 815 2489 in
835 2427 984 2490 societate
1004 2424 1144 2489 humana
1161 2445 1239 2488 rere
1257 2447 1323 2489 ser-

225 2533 293 2596 rari
318 2555 382 2598 non
404 2542 525 2618 potcst;
549 2534 661 2598 eadem
681 2534 820 2601 vicissim
843 2535 890 2621 (id
912 2535 998 2621 quod
1012 2533 1238 2600 Melanchthon
1256 2554 1324 2598 sae·

224 2642 355 2728 pissime
376 2648 498 2728 monet)
532 2644 620 2727 quasi
644 2643 849 2708 seminarium
874 2653 922 2708 est
943 2642 1099 2709 ecclesiae
1122 2650 1154 2706 et
1172 2641 1323 2727 reipubli-

227 2772 291 2818 cae.
315 2749 446 2815 Deinde
469 2751 573 2816 simile
595 2750 714 2836 aliquid
736 2753 777 2817 de
797 2752 943 2818 omnibus
965 2751 1084 2816 artibus
1108 2749 1324 2834 doctrinisque

226 2868 258 2924 et
287 2859 328 2923 de
359 2859 486 2941 scholis,
516 2860 549 2923 in
581 2860 694 2945 quibus
730 2861 905 2942 traduntur,
943 2860 1113 2925 dicendum
1144 2859 1237 2923 nobis
1267 2869 1324 2924 est.

224 2967 339 3052 Neque
362 2968 446 3032 enim
476 2967 544 3033 sine
568 2968 778 3053 religionibus
817 2977 849 3032 et
875 2968 1004 3053 legibus
1036 2967 1166 3053 publice
1197 2966 1323 3032 sancitis

224 3077 312 3141 nasci
334 3085 365 3140 et
386 3075 502 3140 florcrc
532 3073 675 3161 possunt,
705 3085 737 3140 et
766 3077 854 3161 ipsae
882 3097 992 3140 rursus
1017 3074 1171 3140 ecelesiae
1201 3083 1233 3137 et
1263 3073 1324 3138 rei·

225 3185 372 3269 publicae
400 3185 586 3250 inserviunt.
641 3185 712 3250 Hoc
740 3185 1019 3250 Melanchthonem
1052 3205 1116 3247 non
1143 3182 1177 3246 in
1212 3184 1325 3248 umbra

225 3295 354 3360 scholae
377 3295 435 3358 sed
463 3295 646 3380 plenissima
665 3297 748 3360 vitae
772 3293 969 3380 experientia
997 3291 1203 3380 perspexisse
1227 3314 1325 3378 supra

225 3403 374 3468 diximus.
422 3403 518 3468 Nune
549 3403 581 3467 id
613 3415 739 3489 quoquo
770 3404 989 3490 demonstrare
1018 3423 1197 3487 possumus,
1231 3422 1324 3484 quam

228 3511 327 3597 digno
349 3521 379 3576 et
401 3533 480 3577 vere
502 3512 623 3578 liberali
647 3512 745 3576 modo
776 3511 1030 3577 coniunctionem
1053 3508 1140 3572 illam
1163 3509 1324 3573 doctrinae

226 3642 295 3686 eum
318 3620 381 3683 vita
404 3619 522 3704 cogitet
549 3629 642 3704 atque
665 3627 893 3705 repraesentet,
917 3618 1044 3683 nonita
1066 3617 1213 3680 nimirum
1236 3617 1324 3701 quasi

223 3728 264 3793 ad
286 3727 472 3792 humaniora
494 3727 597 3792 studia
617 3750 692 3792 usus
716 3727 854 3811 quidam,
876 3727 916 3791 ad
932 3749 1026 3812 quem
1043 3725 1235 3790 inflectenda
1250 3725 1322 3808 sint,

149 3873 151 3880 ι
225 3835 421 3902 extrinsecus
457 3837 615 3918 afferatur,
650 3837 708 3902 sed
740 3837 782 3900 ita
819 3845 853 3900 ut
887 3844 1048 3922 appareat,
1084 3835 1123 3900 ad
1156 3835 1323 3922 proprium

225 3967 334 4010 eorum
369 3945 471 4030 iisque
503 3947 590 4031 quasi
623 3945 751 4010 insitum
787 3945 885 4010 finem
912 3943 1037 4009 nonnisi
1065 3942 1141 4007 inita
1169 3943 1224 4010 illa
1253 3965 1324 4008 cum

277 4186 303 4256 1)
323 4185 351 4239 o.
371 4185 404 4264 a.
423 4184 462 4237 ru
482 4185 542 4240 aar.
561 4184 596 4239 cf.
613 4183 652 4237 x1
670 4183 730 4240 aas.

277 4281 303 4352 a)
321 4281 361 4334 xr
379 4282 440 4336 666.
