3186 5090
736 345 777 410 4⁷

214 518 386 584 lannhthon
406 519 621 606 ineptissimos
644 541 717 588 esse
741 521 827 603 dicit,
853 520 973 609 qnippe
993 522 1046 606 qui
1070 531 1103 586 at
1122 523 1199 608 quid
1216 505 1310 589 evan·

213 626 335 712 gelinm
355 637 387 692 et
409 626 487 712 quid
505 629 709 716 philosophia
729 631 779 712 sit,
800 631 998 720 ignorent¹).
1039 629 1177 716 Saepius
1199 633 1310 714 innuit,

212 744 299 800 recte
322 735 452 800 demum
476 739 605 823 cognito
628 737 755 805 Christo
777 749 845 804 tum
867 740 953 825 legis
975 739 1102 803 divinae
1123 749 1189 804 tum
1208 740 1312 828 philo·

213 845 346 931 sophiae
368 844 521 929 indolem,
544 847 619 930 vim,
646 871 738 912 usum
763 858 793 914 et
808 849 996 934 dignitatem
1012 858 1097 916 recte
1115 849 1265 935 cognosci
1274 850 1311 934 ²).

215 952 306 1033 Quae
330 964 511 1038 congruunt
544 978 614 1020 cum
645 955 820 1021 Clementis
844 957 1058 1022 Alexandrini
1089 958 1244 1022 sententia
1267 959 1314 1023 di·

214 1062 323 1145 centis,
347 1062 502 1128 Iudaeum
527 1074 558 1128 et
579 1063 737 1130 Graecum
764 1074 841 1130 tunc
872 1065 1011 1147 demum,
1038 1087 1134 1150 quum
1156 1065 1198 1130 ad
1221 1063 1311 1132 Chri·

214 1181 294 1236 stum
318 1194 354 1237 se
377 1173 601 1253 converterint,
625 1172 717 1237 illum
741 1173 861 1258 legem,
877 1175 962 1240 hunc
973 1174 1211 1261 philosophiam
1223 1198 1313 1240 suam

213 1281 355 1346 funditus
380 1281 573 1367 intelligere.

253 1389 307 1454 Ex
329 1390 377 1454 his
402 1389 500 1476 igitur
519 1390 682 1478 principiis
703 1391 929 1458 llclanchthon
950 1393 1120 1478 perspicue
1142 1391 1260 1478 ubique
1283 1402 1314 1457 et

214 1508 395 1565 constanter
422 1499 462 1564 de
484 1499 631 1564 omnibus
662 1499 790 1580 iudicat,
820 1521 1026 1585 quaecunque
1055 1500 1227 1566 inertibus
1257 1501 1312 1565 do·

214 1609 385 1691 ctrinisque
413 1607 578 1692 praeclara
608 1605 755 1673 Gentiles
782 1609 1018 1693 praestiterunt.
1073 1607 1142 1673 Hos
1165 1609 1313 1695 aequipa-

214 1727 264 1783 rat
284 1717 520 1803 quodammodo
542 1717 680 1799 Iudaeis,
706 1718 759 1802 qui
794 1718 826 1781 in
855 1718 924 1784 sola
944 1719 1021 1804 lege
1042 1719 1312 1802 inhaerescebant,

214 1828 257 1892 ita
280 1837 388 1892 tamen
410 1835 445 1891 ut
466 1847 573 1910 neque
594 1828 817 1912 praestantiam
839 1827 923 1912 legis
944 1828 1073 1892 moralis
1095 1839 1203 1893 vetere
1220 1838 1313 1894 testa·

213 1945 319 2002 mento
348 1936 566 2000 manifestatae
597 1937 835 2021 praetermittat,
873 1959 978 2021 neque
1012 1938 1164 2002 maiorem
1189 1936 1313 2024 culpam

215 2053 310 2128 atque
341 2044 584 2130 perversitatem
616 2064 737 2126 eorum,
768 2044 820 2129 qui
851 2045 933 2110 inter
960 2044 1106 2126 ludaeos,
1140 2045 1312 2131 repudiatis

215 2153 342 2218 divinae
364 2152 485 2238 gratiae
508 2161 601 2236 atque
628 2151 866 2216 misericordiae
889 2153 1163 2238 promissionibus
1186 2156 1220 2218 in
1244 2154 1313 2219 sola

215 2264 290 2348 lege
311 2283 402 2348 spem
425 2284 514 2326 suam
534 2261 745 2345 fiduciamque
766 2271 932 2348 ponerent.
963 2261 1313 2350 Namquc'promissio-

213 2394 272 2437 nes
294 2371 369 2436 illae
393 2393 470 2434 vera
492 2371 600 2434 salutis
628 2393 689 2458 per
713 2371 873 2438 Christum
903 2371 1086 2436 afferendae
1114 2374 1312 2460 praeparatio

215 2489 305 2546 erant
326 2489 366 2561 et,
393 2480 575 2564 ubicunque
606 2480 672 2544 fide
700 2480 1031 2567 apprehendebantur,
1061 2503 1130 2546 cum
1156 2481 1312 2546 credenti-

214 2592 275 2656 bus
297 2589 471 2654 coelestem
495 2590 652 2674 quandam
673 2589 803 2675 spiritus
827 2589 925 2654 divini
944 2589 1007 2655 vim
1031 2589 1312 2672 communicabant,

215 2698 341 2784 qualem
360 2698 469 2763 David
490 2697 543 2762 vel
569 2699 746 2784 prophetae
767 2708 859 2784 grato
882 2720 961 2783 erga
986 2698 1092 2763 Deum
1114 2699 1219 2763 animo
1242 2698 1312 2784 glo-

214 2809 344 2874 riantur.
398 2807 458 2872 His
487 2829 565 2870 vero
588 2807 667 2872 nihil
697 2808 801 2871 simile
831 2807 866 2870 in
887 2805 1067 2874 Gentilibus
1089 2808 1313 2873 Melanchthon

215 2916 378 3002 conspicit.
430 2915 619 3001 Quanquam
642 2917 726 2981 enim
748 2926 888 3002 „gratam
908 2916 996 2982 illam
1019 2917 1059 2981 dc
1082 2915 1156 2982 Deo
1180 2919 1313 2982 lamam“

214 3027 248 3090 in
268 3026 388 3091 artibus
411 3024 625 3110 doctrinisque
647 3047 790 3109 sparsam
812 3035 844 3090 ct
865 3025 1061 3091 desiderium
1084 3026 1245 3112 quoddam
1267 3027 1313 3091 di-

217 3133 311 3199 vinae
332 3134 415 3199 vitae
435 3134 554 3220 passim
576 3157 594 3198 a
619 3135 779 3199 veteribus
802 3155 990 3218 expressum
1003 3133 1211 3200 libentissime
1221 3155 1313 3221 prae·

217 3244 309 3325 dieat,
333 3253 439 3308 tamen
466 3265 621 3328 nusquam
656 3243 734 3307 tales
762 3241 856 3326 λόγου
881 3242 1023 3325 ἀσάρκου
1047 3242 1313 3309 manifestationes

216 3352 369 3438 agnoscit,
402 3351 511 3436 quales
539 3352 649 3437 magni
682 3351 729 3414 illi
763 3351 918 3417 ecclesiae
940 3351 1180 3417 Alexandrinae
1208 3361 1312 3439 patres

217 3460 443 3546 aliquantulam
466 3461 624 3547 evangelii
648 3462 737 3545 quasi
759 3459 1012 3546 anticipationem
1036 3463 1134 3526 firisse
1154 3461 1313 3527 existima·

215 3579 340 3635 verunt.
393 3568 530 3655 Semper
558 3569 793 3657 philosophiam
814 3569 882 3654 legi
902 3578 1033 3652 tantum,
1056 3592 1122 3635 non
1144 3571 1313 3656 evangelio

215 3678 379 3759 ,affinem“
402 3699 474 3743 esse
495 3689 666 3760 asseverat,
692 3679 750 3744 hac
765 3679 799 3743 in
811 3701 848 3743 rc
866 3679 959 3744 ctiam
971 3666 1095 3744 Erasmi
1108 3679 1314 3766 dissimilisl).

217 3767 414 3852 Gravissima
445 3786 585 3871 denique
615 3808 669 3852 eos
699 3786 840 3874 castigat,
871 3787 924 3872 qui
956 3787 1079 3871 ,ipsum
1110 3787 1314 3873 evangelium

311 3975 363 4028 XII
381 3975 442 4030 689.

268 3975 294 4141 il
315 4069 354 4124 cf.
373 4069 408 4124 de
425 4068 601 4139 philosophia
620 4068 649 4122 G.
668 4067 702 4122 R.
717 4066 744 4120 X
762 4032 828 4137 69b3
850 4067 883 4122 de
901 4067 963 4137 lege
981 4067 1033 4122 loc.
1051 4067 1134 4122 theol.
1152 4067 1177 4120 X
1197 4068 1242 4139 (de
1259 4067 1313 4124 dis·

218 4166 332 4221 crimine
350 4167 383 4220 V.
403 4170 431 4221 et
451 4166 484 4220 N.
506 4164 694 4235 Testamenti).

270 4262 297 4332 3)
318 4261 357 4317 Cf.
379 4261 408 4317 C.
427 4261 460 4317 R.
478 4260 543 4316 xvi
561 4263 603 4316 22.
621 4259 732 4316 Erami
749 4277 814 4332 opp.
835 4259 929 4316 1573.
947 4276 1014 4328 seq.
