3186 5090
707 381 750 446 19

185 569 269 634 enim
291 569 436 656 pinxisse
457 568 562 635 omnia
586 567 758 655 grandiora
780 576 812 633 et
832 567 1099 654 frequentissimis
1118 567 1211 630 lineis
1233 588 1286 630 va·

182 679 272 744 riata.
316 659 422 744 Euesa
444 677 582 765 picturas
605 676 742 762 graciles
764 697 846 757 esse,
872 697 953 761 quae
975 676 1032 740 etsi
1053 675 1188 740 blandae
1214 675 1286 756 sint,

182 796 289 852 tamen
312 795 464 872 quantum
481 785 601 851 distent
617 783 768 848 aDureri
787 784 949 871 operibus,
965 784 1166 850 collationem
1182 791 1285 848 osten·

187 896 275 960 dere.
320 894 480 960 Matthiam
505 893 594 980 quasi
614 893 863 958 mediocritatem
885 915 1040 960 servasse.
1084 891 1210 959 Misceri
1234 913 1287 954 au·

184 1015 250 1070 tem
281 1005 362 1069 haec
396 1027 520 1090 genera
550 1003 634 1068 inter
663 1025 716 1084 se,
747 1003 827 1068 sicut
860 1003 972 1068 musici
1003 1013 1096 1069 tonos
1128 1001 1280 1067 misceant

185 1115 268 1182 Nam
292 1123 324 1180 et
351 1113 437 1195 illos,
461 1112 515 1198 qui
545 1113 607 1178 sint
628 1113 809 1194 tenuiores,
832 1112 992 1176 interdum
1014 1111 1135 1196 aliquid
1161 1108 1288 1174 efficere

93 1259 97 1266 ·
184 1222 322 1310 plenius.
365 1220 406 1286 Et
427 1221 460 1286 in
483 1221 596 1286 eodem
627 1231 773 1308 tempore
803 1221 882 1286 alios
911 1221 999 1285 locos
1029 1219 1171 1306 grandes
1203 1240 1285 1298 esse,

186 1331 267 1396 alios
289 1331 401 1412 exiles,
424 1329 512 1395 iuxta
532 1338 643 1396 rerum
666 1333 850 1396 varietatem
872 1330 1041 1416 dequibus
1058 1329 1189 1394 dicatur.
1213 1328 1288 1395 Uni-

187 1441 303 1526 cuique
329 1461 407 1504 vero
432 1439 667 1504 observandum
689 1461 770 1520 esse,
799 1440 839 1504 nd
862 1440 949 1525 quod
971 1439 1098 1504 dicendi
1114 1461 1220 1525 genus
1234 1460 1288 1501 na-

186 1560 256 1615 tura
278 1551 380 1635 magis
402 1549 565 1637 appositus
589 1549 735 1616 videatur
757 1559 788 1614 et
806 1571 865 1636 pro
890 1571 927 1614 ea
946 1571 983 1613 re
1005 1573 1023 1613 a
1044 1548 1125 1613 vitiis
1145 1547 1185 1612 ad
1208 1567 1288 1633 quae

188 1659 317 1724 inclinet
340 1657 562 1742 cavendumll.

229 1769 283 1836 Ad
305 1769 386 1834 haec
407 1768 484 1833 dum
502 1766 657 1832 iuventuti
681 1776 712 1832 et
730 1767 871 1830 doctrina
886 1775 917 1830 et
933 1765 1064 1832 consilio
1093 1787 1187 1853 opem
1202 1768 1288 1831 ferre

188 1879 316 1960 studet,
339 1899 468 1965 semper
492 1899 561 1942 cam
582 1876 668 1942 illius
691 1875 904 1940 instituendae
933 1875 1089 1941 rationem
1110 1885 1232 1956 tuetur,
1255 1884 1290 1941 ut

191 1987 320 2053 dicendi
340 1989 470 2053 facultas
493 2010 557 2051 non
581 1986 702 2053 colatur
724 1987 785 2052 nisi
804 1994 951 2072 promota
975 1986 1070 2050 simul
1098 2007 1208 2051 rerum
1233 1985 1291 2050 sci·

191 2098 277 2160 entia
300 2105 332 2160 et
354 2095 524 2162 exercitata
545 2094 652 2160 iudicii
674 2095 749 2158 acic.
774 2095 861 2160 Alias
884 2093 1050 2158 facundiae
1082 2094 1152 2158 loco
1179 2092 1290 2180 spargi

190 2204 395 2291 sophisticam
416 2203 643 2289 garrulitatem.
675 2203 743 2270 Sed
765 2205 881 2268 frustra
903 2203 995 2266 etiam
1008 2224 1135 2268 omnem
1148 2202 1292 2268 laborem

191 2314 273 2380 sumi
295 2313 328 2378 in
349 2313 472 2394 litteris,
486 2312 513 2378 si
533 2336 693 2400 nunquam
715 2313 796 2378 haec
818 2313 959 2393 facultas,
984 2335 1064 2398 quae
1084 2311 1292 2397 cogitationes

191 2424 370 2490 animorum
392 2431 572 2488 nostrorum
604 2433 634 2487 et
656 2422 810 2508 quidquid
833 2421 874 2486 de
901 2422 1026 2508 magnis
1050 2425 1148 2487 rebus
1180 2420 1293 2486 sentia·

194 2557 265 2600 mus
297 2533 469 2621 perspicue
502 2553 668 2620 exponere
696 2532 813 2617 possit,
847 2531 1018 2618 contingat.
1072 2531 1184 2595 Talem
1214 2551 1293 2594 vero

194 2643 345 2708 materiae
378 2652 409 2707 et
439 2644 559 2708 formae
592 2641 834 2726 congruentiam
866 2639 1116 2728 praeclarissima
1146 2648 1293 2704 veterum

194 2753 349 2839 imprimis
373 2751 570 2820 Graecorum
592 2759 797 2817 monumenta
823 2758 853 2815 et
874 2751 944 2837 ipsa
967 2749 1136 2830 exhibent,
1162 2758 1193 2812 et
1215 2748 1293 2814 alios

195 2861 320 2926 docent.
362 2861 523 2949 Ideoque,
547 2863 573 2928 si
595 2870 682 2927 recte
705 2861 742 2926 iis
762 2860 896 2940 utimur,
921 2859 1075 2946 optimum
1097 2858 1198 2924 omnis
1226 2860 1294 2924 bar·

193 2971 303 3036 bariae
325 2972 500 3038 antidotum
523 2981 604 3038 sunt.
655 2971 716 3052 ,Ut
737 2971 894 3056 neglectis
911 2969 982 3034 filix
1002 2969 1173 3035 innascitur
1195 2969 1293 3055 agris,

195 3080 237 3144 ita
258 3079 291 3145 in
315 3081 464 3166 ingeniis,
487 3082 546 3148 nisi
570 3091 790 3169 repurgentur
808 3081 1006 3167 elegantiore
1019 3081 1206 3162 litteratura,
1229 3081 1294 3145 vel-

199 3197 235 3254 ut
256 3189 385 3254 inutiles
407 3190 527 3256 herbae
550 3200 642 3255 natae
663 3190 727 3254 vim
763 3191 877 3254 mentis
899 3212 1024 3256 omnem
1049 3189 1248 3276 strangulant
1270 3199 1302 3254 et

196 3307 330 3364 enecant
336 3345 345 3380 ,
367 3321 408 3362 ne
430 3308 484 3363 aut
503 3299 675 3386 pervidere
696 3319 749 3364 res
771 3301 922 3364 obscuras
944 3309 997 3364 aut
1019 3299 1184 3386 publicare
1207 3307 1237 3363 et
1262 3299 1296 3362 in

197 3416 339 3492 apertam
360 3406 466 3472 lucem
487 3410 633 3494 proferre
657 3413 800 3494 queantss
842 3408 903 3490 ,Ut
924 3410 957 3473 in
979 3409 1128 3474 leonibus
1154 3416 1185 3472 et
1206 3407 1296 3492 equis

198 3515 245 3580 sic
265 3515 298 3580 in
322 3515 463 3581 barbaris
486 3523 517 3579 et
535 3538 600 3580 non
619 3516 803 3581 assuefactis
823 3539 920 3603 saepe
943 3527 990 3582 est
1013 3516 1147 3604 egregia
1161 3516 1298 3597 indoles,

198 3624 257 3689 sed
284 3625 339 3690 illa
361 3617 498 3690 suavitas
529 3625 620 3691 deest
641 3648 737 3711 quam
760 3627 902 3692 doctrina
927 3625 1030 3706 addit3
1067 3647 1148 3712 quae
1174 3625 1297 3690 animos

199 3733 361 3799 dulciores
382 3743 414 3798 et
433 3735 575 3800 mitiores
596 3735 704 3800 reddit
725 3745 756 3800 et
784 3736 882 3800 flectit
909 3744 975 3801 arte
1006 3735 1046 3800 ad
1081 3734 1235 3799 decorum
1269 3741 1300 3798 et

199 3841 330 3907 condire
353 3842 493 3908 actiones
521 3842 656 3927 quadam
676 3844 777 3930 gratia
799 3845 931 3910 studet.“
972 3844 1134 3925 ,Dicimus
1156 3843 1301 3929 linguam

199 3972 349 4037 graecam
371 3951 557 4037 magistram
579 3961 610 4016 et
641 3952 731 4037 quasi
753 3954 871 4017 fontem
905 3973 1064 4017 essenon
1087 3961 1207 4016 tantum
1231 3973 1302 4016 coe·

254 4187 279 4255 1)
296 4186 361 4239 Xlll
380 4187 441 4241 504.
461 4187 523 4240 506.
558 4183 627 4238 Tres
645 4183 686 4237 illi
703 4182 826 4252 pictores
846 4188 912 4237 sunt
929 4184 1061 4239 Albertus
1080 4185 1185 4251 Dttrer,
1212 4181 1301 4235 Lucas

202 4281 334 4348 Cranach,
341 4281 474 4336 Matthias
483 4280 656 4335 Grunewald.
673 4278 712 4332 Of.
720 4279 832 4349 Kugler,
841 4277 938 4334 Gesch.
946 4279 1094 4333 dMalerei
1105 4278 1164 4347 IIp.
1173 4278 1303 4332 ⁴248.253.
