3200 5088
801 352 843 416 58

293 537 446 602 Ceterum
462 535 606 616 adnotat,
628 533 796 619 evangelio
811 557 876 598 non
897 556 991 598 unam
1006 543 1124 600 cenam
1137 534 1233 620 regni
1255 535 1390 598 formam

287 647 473 738 praescribi,
498 645 558 710 sed
579 643 713 710 concedi
734 653 769 708 ut
789 642 861 710 alibi
882 645 944 709 sint
967 644 1048 709 aliae
1060 665 1239 728 regnorum
1253 645 1388 708 formae.

289 757 363 844 Ipse
386 777 457 820 oum
477 755 608 819 Platone
629 774 699 818 earn
720 775 780 841 pro
799 753 917 838 optima
940 752 1035 834 ducit,
1058 775 1139 838 quae
1162 752 1202 818 sit
1224 752 1329 818 media
1341 753 1390 817 iu-

289 875 338 930 ter
360 865 564 952 tyrannidem
595 872 626 928 et
658 863 891 929 democratiam.
945 861 1138 928 Libertatem
1168 861 1294 928 civilem
1308 933 1311 938 Δ
1325 885 1390 928 non

288 975 393 1040 miuus
416 954 657 1060 fortiter‘quam
679 971 920 1058 magistratuum
941 971 1158 1038 auctoritatem
1174 970 1256 1036 tueri
1272 971 1388 1037 studet.

287 1084 448 1166 „Libertas
467 1105 555 1164 vero,
579 1082 689 1168 inquit,
711 1080 848 1167 intelligi
871 1080 968 1147 debet
994 1103 1059 1144 non
1081 1081 1235 1162 artarchis,
1258 1081 1316 1146 sed
1332 1081 1387 1146 ubi

290 1201 376 1257 corto
399 1193 469 1256 iure
490 1199 649 1278 reguntur
669 1182 813 1255 homines
837 1199 868 1254 et
888 1211 1007 1275 regum
1025 1198 1165 1276 potestas
1185 1188 1313 1275 legibus
1330 1190 1388 1256 cir·

290 1301 480 1388 cumscripts
496 1301 567 1381 est,
602 1299 691 1365 iuxta
725 1321 803 1384 quas
837 1298 954 1364 iudicia
988 1307 1199 1364 excercentur
1233 1307 1265 1364 et
1294 1323 1388 1366 suum

290 1409 425 1496 quisquc
446 1416 561 1474 tenet!
595 1409 685 1491 „Non
707 1417 756 1474 est
774 1407 934 1474 laudanda
952 1409 1051 1473 oratio
1073 1408 1203 1476 illorum
1226 1409 1281 1496 qui
1302 1433 1389 1475 nunc
1432 1435 1435 1442 ’

290 1540 419 1605 quoque
442 1525 490 1601 (ut
513 1517 619 1585 Ahabi
642 1517 857 1604 temporibus)
889 1516 1016 1582 firmant
1046 1517 1259 1603 tyrannidem.
1313 1517 1390 1584 Iura

290 1627 397 1692 divine
430 1636 462 1693 et
494 1628 633 1692 humans
661 1613 754 1692 uobis
786 1626 964 1692 libertatem
994 1636 1025 1692 et
1053 1628 1281 1716 proprietatem
1304 1628 1388 1694 attri-

288 1741 417 1803 buunt.“
457 1735 643 1818 „Praeclare
665 1736 856 1802 Ambrosius
877 1735 1062 1802 Theodosio
1077 1736 1274 1823 imperatori,
1288 1736 1386 1818 Nihil,

289 1846 341 1927 ait,
366 1855 430 1910 tarn
460 1845 494 1909 iu
526 1845 719 1932 imperatore
751 1844 886 1910 amabile
918 1865 1000 1926 esse,
1028 1867 1124 1930 quam
1156 1845 1182 1912 si
1207 1845 1386 1912 libertatem

289 1953 414 2019 dicendi
439 1953 608 2029 concedat3
643 1961 674 2017 et
695 1953 756 2018 hoo
782 1953 865 2016 inter
895 1955 997 2018 bonos
1029 1962 1062 2020 et
1092 1953 1193 2018 malos
1224 1954 1387 2040 principes

289 2063 459 2128 discrimen
481 2084 562 2144 csse,
586 2062 673 2148 quod
697 2062 771 2128 boni
792 2063 969 2128 libertatem
994 2070 1110 2143 ament,
1130 2063 1316 2128 servitutem
1332 2063 1388 2128 im·

279 2171 407 2259 probi.“
459 2171 555 2236 Novit
574 2171 810 2253 Melanchthon,
845 2171 941 2253 „nihil
973 2171 1175 2260 plausibilius
1200 2192 1272 2238 esse
1301 2171 1387 2258 apud

264 2273 386 2366 'reges
421 2301 457 2343 ea
488 2279 648 2365 opinione,
679 2301 761 2365 quae
795 2279 982 2345 servitutem
1012 2279 1125 2366 populi
1157 2279 1325 2346 confirmet
1358 2288 1389 2344 et

287 2388 395 2456 iubeat
424 2409 542 2472 regum
570 2387 733 2452 sententiis
754 2409 813 2452 seu
840 2386 926 2452 voris
950 2407 1008 2452 seu
1033 2386 1121 2452 falsis
1141 2408 1275 2474 parere3
1308 2388 1388 2454 nibil

287 2495 487 2584 plausibilius
510 2495 551 2560 ad
580 2495 736 2582 populum
765 2495 925 2562 laxatione
954 2495 1140 2582 disciplinae
1174 2505 1204 2560 et
1226 2496 1387 2584 vitupera·

288 2606 375 2671 tione
396 2607 666 2692 gubernatornm“
673 2605 709 2691 ¹).
762 2603 897 2690 Utrique
924 2603 1009 2671 malo
1037 2604 1107 2692 pari
1137 2606 1311 2672 constantia
1334 2608 1388 2673 ob-

289 2715 370 2779 viam
396 2714 536 2780 eundum
567 2713 697 2780 censuit.
749 2713 803 2794 „ln
830 2711 890 2793 his,
915 2713 1026 2798 inquit,
1052 2714 1106 2800 qui
1134 2714 1325 2780 adhibentur
1347 2716 1389 2781 ad

289 2823 565 2911 gubernationem,
586 2822 726 2910 primum
755 2822 795 2887 sit
827 2821 967 2908 cognitio
993 2822 1156 2888 doctrinae
1190 2825 1231 2890 de
1261 2823 1389 2906 institia,

289 2933 406 2998 deinde
428 2932 467 2996 sit
487 2933 644 3012 voluntas,
670 2953 751 3016 quae
774 2929 805 2995 iu
829 2930 934 2998 dando
956 2931 1089 2998 oonsilio
1116 2941 1250 3020 regatur
1271 2935 1385 2999 timore

217 3045 219 3050 ’
291 3041 353 3105 Dei
376 3048 407 3104 et
428 3061 494 3104 non
507 3038 584 3104 velit
598 3038 728 3104 iniustas
745 3038 933 3126 cupiditates
948 3039 1088 3107 ullorum
1103 3040 1267 3106 hominum
1282 3042 1387 3106 sciens

289 3170 411 3214 armare
434 3157 542 3213 eontra
560 3147 668 3212 Deum
691 3155 722 3212 et
746 3147 1035 3235 contrapat1·iam.“
1084 3148 1205 3230 „Decet
1226 3151 1311 3216 viros
1333 3149 1389 3214 do·

290 3266 354 3323 ctos
375 3256 540 3344 imprimis,
565 3255 648 3322 tueri
679 3229 868 3339 fibertatem,
892 3257 973 3338 iure,
1005 3257 1134 3344 legibus
1166 3267 1197 3324 et
1227 3258 1390 3345 religione,

289 3367 513 3433 constitutam.“
563 3363 695 3452 „Neque
717 3364 890 3452 quidquam
920 3365 1085 3432 honestius
1115 3376 1163 3432 est
1187 3376 1219 3432 et
1241 3367 1388 3433 omnibus

290 3476 381 3542 bonis
417 3474 492 3540 viris
525 3483 556 3541 et
574 3473 729 3560 imprimis
763 3473 1061 3540 iurisconsultorum
1096 3474 1210 3541 ordine
1245 3464 1386 3562 dignius,

289 3607 384 3670 quam
407 3605 616 3671 propugnare
636 3584 730 3669 leges
763 3583 926 3662 adversus
950 3586 1092 3649 furorem
1117 3584 1170 3648 vel
1201 3584 1314 3672 populi
1334 3585 1388 3648 vel

289 3703 510 3779 tyrannorum.
564 3691 681 3756 Nullae
711 3691 870 3774 victoriae,
893 3692 974 3757 nulli
1005 3692 1158 3779 triumphi
1191 3693 1266 3781 plus
1289 3715 1387 3758 verae

289 3802 392 3867 laudis
415 3809 592 3882 merentur,
614 3822 708 3886 quam
734 3801 814 3866 heco
837 3800 985 3866 defensio
1008 3801 1290 3889 propugnatioque
1312 3801 1389 3866 iuris

292 3923 323 3980 et
345 3912 517 3993 doctrinae,
540 3933 620 3999 quae
642 3921 689 3976 est
709 3910 907 3998 reipublicae
929 3912 1171 3999 neeessaria“²).

296 4085 494 4096 ..affl—-

343 4155 369 4225 1)
386 4155 439 4208 xrr
456 4155 517 4211 roa
537 4154 563 4206 ιι
582 4155 641 4210 coc.
660 4154 704 4224 (cf.
724 4157 794 4224 ere.)
812 4154 851 4209 ιι
871 4156 930 4212 ccc.
950 4154 1002 4210 vu
1019 4156 1081 4210 soc.

347 4253 372 4322 a)
391 4252 430 4306 ιιι
448 4253 527 4308 1019.
545 4251 571 4305 x
589 4252 649 4308 ese.
668 4251 708 4305 ιιι
725 4253 786 4308 218.
829 4284 832 4292 t
