<?xml version="1.0" encoding="UTF-8"?>
<!DOCTYPE html PUBLIC "-//W3C//DTD XHTML 1.0 Transitional//EN"
    "http://www.w3.org/TR/xhtml1/DTD/xhtml1-transitional.dtd">
<html xmlns="http://www.w3.org/1999/xhtml" xml:lang="en" lang="en">
 <head>
  <title>
</title>
<meta http-equiv="Content-Type" content="text/html;charset=utf-8" />
  <meta name='ocr-system' content='tesseract 3.04.00' />
  <meta name='ocr-capabilities' content='ocr_page ocr_carea ocr_par ocr_line ocrx_word'/>
</head>
<body>
  <div class='ocr_page' id='page_1' title='image "./dephilippomelan00schlgoog_0023.png"; bbox 0 0 3186 5090; ppageno 0'>
   <div class='ocr_carea' id='block_1_1' title="bbox 749 347 788 411">
    <p class='ocr_par' dir='ltr' id='par_1_1' title="bbox 749 347 788 411">
     <span class='ocr_line' id='line_1_1' title="bbox 749 347 788 411; baseline 0.026 -1"><span class='ocrx_word' id='word_1_1' title='bbox 749 347 788 411; x_wconf 88' lang='lat'>15</span> 
     </span>
    </p>
   </div>
   <div class='ocr_carea' id='block_1_2' title="bbox 206 526 1318 3662">
    <p class='ocr_par' dir='ltr' id='par_1_2' title="bbox 211 526 1311 727">
     <span class='ocr_line' id='line_1_2' title="bbox 211 526 1311 616; baseline 0.004 -24"><span class='ocrx_word' id='word_1_2' title='bbox 211 527 266 593; x_wconf 90' lang='lat' dir='ltr'>hie</span> <span class='ocrx_word' id='word_1_3' title='bbox 287 527 418 612; x_wconf 85' lang='lat' dir='ltr'>quidem</span> <span class='ocrx_word' id='word_1_4' title='bbox 438 526 603 614; x_wconf 77' lang='lat' dir='ltr'><strong>Scythice,</strong></span> <span class='ocrx_word' id='word_1_5' title='bbox 619 529 690 608; x_wconf 79' lang='lat' dir='ltr'>‘sed</span> <span class='ocrx_word' id='word_1_6' title='bbox 721 528 769 595; x_wconf 90' lang='lat' dir='ltr'>bis</span> <span class='ocrx_word' id='word_1_7' title='bbox 791 528 1097 616; x_wconf 70' lang='lat' dir='ltr'>Scythicumluerit</span> <span class='ocrx_word' id='word_1_8' title='bbox 1125 532 1204 598; x_wconf 91' lang='lat' dir='ltr'>nibil</span> <span class='ocrx_word' id='word_1_9' title='bbox 1228 533 1311 599; x_wconf 81' lang='lat' dir='ltr'>effici</span> 
     </span>
     <span class='ocr_line' id='line_1_3' title="bbox 211 637 1009 727; baseline 0.004 -25"><span class='ocrx_word' id='word_1_10' title='bbox 211 638 366 703; x_wconf 85' lang='lat' dir='ltr'>suavitate</span> <span class='ocrx_word' id='word_1_11' title='bbox 391 637 541 710; x_wconf 88' lang='lat' dir='ltr'>orationis</span> <span class='ocrx_word' id='word_1_12' title='bbox 563 654 760 702; x_wconf 88' lang='lat' dir='ltr'>summorum</span> <span class='ocrx_word' id='word_1_13' title='bbox 781 640 1009 727; x_wconf 79' lang='lat' dir='ltr'>auetomm.“¹·)</span> 
     </span>
    </p>

    <p class='ocr_par' dir='ltr' id='par_1_3' title="bbox 206 746 1318 3338">
     <span class='ocr_line' id='line_1_4' title="bbox 252 746 1310 834; baseline 0.005 -25"><span class='ocrx_word' id='word_1_14' title='bbox 252 746 370 812; x_wconf 86' lang='lat' dir='ltr'>Veram</span> <span class='ocrx_word' id='word_1_15' title='bbox 393 755 497 812; x_wconf 88' lang='lat' dir='ltr'>autem</span> <span class='ocrx_word' id='word_1_16' title='bbox 520 746 792 832; x_wconf 87' lang='lat' dir='ltr'>pulchritudinem</span> <span class='ocrx_word' id='word_1_17' title='bbox 816 747 941 814; x_wconf 87' lang='lat' dir='ltr'>divinae</span> <span class='ocrx_word' id='word_1_18' title='bbox 955 749 1090 834; x_wconf 83' lang='lat' dir='ltr'>originis</span> <span class='ocrx_word' id='word_1_19' title='bbox 1106 771 1176 814; x_wconf 87' lang='lat' dir='ltr'>esse</span> <span class='ocrx_word' id='word_1_20' title='bbox 1193 757 1310 814; x_wconf 89' lang='lat' dir='ltr'>etcum</span> 
     </span>
     <span class='ocr_line' id='line_1_5' title="bbox 207 855 1311 941; baseline 0.004 -21"><span class='ocrx_word' id='word_1_21' title='bbox 207 855 324 940; x_wconf 64' lang='lat' dir='ltr'>‚quovis</span> <span class='ocrx_word' id='word_1_22' title='bbox 348 857 430 920; x_wconf 93' lang='lat' dir='ltr'>bono</span> <span class='ocrx_word' id='word_1_23' title='bbox 453 865 630 941; x_wconf 83' lang='lat' dir='ltr'>cognatam,</span> <span class='ocrx_word' id='word_1_24' title='bbox 652 855 876 922; x_wconf 85' lang='lat' dir='ltr'>Melanchthon</span> <span class='ocrx_word' id='word_1_25' title='bbox 893 873 959 923; x_wconf 87' lang='lat' dir='ltr'>uon</span> <span class='ocrx_word' id='word_1_26' title='bbox 979 855 1121 934; x_wconf 82' lang='lat' dir='ltr'><strong>Platonis</strong></span> <span class='ocrx_word' id='word_1_27' title='bbox 1143 856 1232 922; x_wconf 86' lang='lat' dir='ltr'>libris</span> <span class='ocrx_word' id='word_1_28' title='bbox 1253 858 1311 924; x_wconf 88' lang='lat' dir='ltr'>sed</span> 
     </span>
     <span class='ocr_line' id='line_1_6' title="bbox 211 961 1318 1052; baseline 0.005 -24"><span class='ocrx_word' id='word_1_29' title='bbox 211 985 271 1028; x_wconf 81' lang='lat' dir='ltr'>sna</span> <span class='ocrx_word' id='word_1_30' title='bbox 291 963 422 1050; x_wconf 90' lang='lat' dir='ltr'>propria</span> <span class='ocrx_word' id='word_1_31' title='bbox 442 975 554 1030; x_wconf 88' lang='lat' dir='ltr'>n&#39;atura</span> <span class='ocrx_word' id='word_1_32' title='bbox 577 975 608 1030; x_wconf 93' lang='lat' dir='ltr'>et</span> <span class='ocrx_word' id='word_1_33' title='bbox 630 965 740 1030; x_wconf 91' lang='lat' dir='ltr'>indole</span> <span class='ocrx_word' id='word_1_34' title='bbox 765 967 895 1032; x_wconf 89' lang='lat' dir='ltr'>edoctas</span> <span class='ocrx_word' id='word_1_35' title='bbox 919 975 976 1032; x_wconf 88' lang='lat' dir='ltr'>est.</span> <span class='ocrx_word' id='word_1_36' title='bbox 1017 965 1132 1052; x_wconf 82' lang='lat' dir='ltr'>Neque</span> <span class='ocrx_word' id='word_1_37' title='bbox 1154 966 1195 1032; x_wconf 86' lang='lat' dir='ltr'>de</span> <span class='ocrx_word' id='word_1_38' title='bbox 1218 988 1255 1032; x_wconf 90' lang='lat' dir='ltr'>eo</span> <span class='ocrx_word' id='word_1_39' title='bbox 1276 961 1318 1034; x_wconf 87' lang='lat' dir='ltr'>se</span> 
     </span>
     <span class='ocr_line' id='line_1_7' title="bbox 211 1073 1310 1161; baseline 0.002 -24"><span class='ocrx_word' id='word_1_40' title='bbox 211 1073 368 1139; x_wconf 90' lang='lat' dir='ltr'>sententia</span> <span class='ocrx_word' id='word_1_41' title='bbox 391 1073 512 1161; x_wconf 81' lang='lat' dir='ltr'>depelli</span> <span class='ocrx_word' id='word_1_42' title='bbox 543 1097 655 1161; x_wconf 88' lang='lat' dir='ltr'>passus</span> <span class='ocrx_word' id='word_1_43' title='bbox 687 1083 734 1140; x_wconf 88' lang='lat' dir='ltr'>est</span> <span class='ocrx_word' id='word_1_44' title='bbox 761 1074 875 1146; x_wconf 87' lang='lat' dir='ltr'>frivola</span> <span class='ocrx_word' id='word_1_45' title='bbox 897 1075 952 1140; x_wconf 80' lang='lat' dir='ltr'>ills</span> <span class='ocrx_word' id='word_1_46' title='bbox 982 1075 1161 1160; x_wconf 83' lang='lat' dir='ltr'>elegantiae</span> <span class='ocrx_word' id='word_1_47' title='bbox 1191 1075 1310 1161; x_wconf 88' lang='lat' dir='ltr'>specie,</span> 
     </span>
     <span class='ocr_line' id='line_1_8' title="bbox 211 1183 1311 1271; baseline 0.002 -25"><span class='ocrx_word' id='word_1_48' title='bbox 211 1204 305 1265; x_wconf 87' lang='lat' dir='ltr'>quam</span> <span class='ocrx_word' id='word_1_49' title='bbox 337 1207 408 1250; x_wconf 90' lang='lat' dir='ltr'>oum</span> <span class='ocrx_word' id='word_1_50' title='bbox 430 1183 563 1253; x_wconf 83' lang='lat' dir='ltr'>Erasmo</span> <span class='ocrx_word' id='word_1_51' title='bbox 593 1185 626 1250; x_wconf 92' lang='lat' dir='ltr'>in</span> <span class='ocrx_word' id='word_1_52' title='bbox 646 1183 733 1250; x_wconf 86' lang='lat' dir='ltr'>Italis</span> <span class='ocrx_word' id='word_1_53' title='bbox 760 1185 948 1271; x_wconf 87' lang='lat' dir='ltr'>quibusdam</span> <span class='ocrx_word' id='word_1_54' title='bbox 976 1194 1071 1250; x_wconf 67' lang='lat' dir='ltr'>uxot.</span> <span class='ocrx_word' id='word_1_55' title='bbox 1113 1183 1250 1271; x_wconf 83' lang='lat' dir='ltr'>Saepius</span> <span class='ocrx_word' id='word_1_56' title='bbox 1272 1184 1311 1249; x_wconf 85' lang='lat' dir='ltr'>sd</span> 
     </span>
     <span class='ocr_line' id='line_1_9' title="bbox 212 1291 1314 1377; baseline 0.001 -22"><span class='ocrx_word' id='word_1_57' title='bbox 212 1291 457 1377; x_wconf 84' lang='lat' dir='ltr'>exprimendam</span> <span class='ocrx_word' id='word_1_58' title='bbox 489 1294 582 1362; x_wconf 88' lang='lat' dir='ltr'>etiam</span> <span class='ocrx_word' id='word_1_59' title='bbox 613 1293 736 1358; x_wconf 82' lang='lat' dir='ltr'>virhltis</span> <span class='ocrx_word' id='word_1_60' title='bbox 765 1303 909 1360; x_wconf 88' lang='lat' dir='ltr'>naturam</span> <span class='ocrx_word' id='word_1_61' title='bbox 938 1293 1162 1358; x_wconf 79' lang='lat' dir='ltr'>similitudines</span> <span class='ocrx_word' id='word_1_62' title='bbox 1183 1293 1314 1357; x_wconf 88' lang='lat' dir='ltr'>assumit</span> 
     </span>
     <span class='ocr_line' id='line_1_10' title="bbox 212 1400 1312 1489; baseline 0.001 -24"><span class='ocrx_word' id='word_1_63' title='bbox 212 1403 250 1466; x_wconf 89' lang='lat' dir='ltr'>ab</span> <span class='ocrx_word' id='word_1_64' title='bbox 272 1400 386 1467; x_wconf 85' lang='lat' dir='ltr'>artium</span> <span class='ocrx_word' id='word_1_65' title='bbox 408 1402 568 1489; x_wconf 88' lang='lat' dir='ltr'>operibus.</span> <span class='ocrx_word' id='word_1_66' title='bbox 609 1401 671 1482; x_wconf 84' lang='lat' dir='ltr'>„Ut</span> <span class='ocrx_word' id='word_1_67' title='bbox 691 1403 864 1486; x_wconf 80' lang='lat' dir='ltr'>architecti,</span> <span class='ocrx_word' id='word_1_68' title='bbox 886 1403 996 1488; x_wconf 91' lang='lat' dir='ltr'>inquit,</span> <span class='ocrx_word' id='word_1_69' title='bbox 1021 1402 1184 1468; x_wconf 85' lang='lat' dir='ltr'>tenentia</span> <span class='ocrx_word' id='word_1_70' title='bbox 1207 1402 1312 1466; x_wconf 89' lang='lat' dir='ltr'>animo</span> 
     </span>
     <span class='ocr_line' id='line_1_11' title="bbox 211 1509 1312 1596; baseline -0.002 -22"><span class='ocrx_word' id='word_1_71' title='bbox 211 1509 349 1576; x_wconf 89' lang='lat' dir='ltr'>inclusas</span> <span class='ocrx_word' id='word_1_72' title='bbox 374 1520 474 1576; x_wconf 82' lang='lat' dir='ltr'>certas</span> <span class='ocrx_word' id='word_1_73' title='bbox 496 1513 613 1578; x_wconf 89' lang='lat' dir='ltr'>formas</span> <span class='ocrx_word' id='word_1_74' title='bbox 636 1511 865 1594; x_wconf 88' lang='lat' dir='ltr'>aedificiorum,</span> <span class='ocrx_word' id='word_1_75' title='bbox 887 1533 963 1596; x_wconf 90' lang='lat' dir='ltr'>quas</span> <span class='ocrx_word' id='word_1_76' title='bbox 987 1511 1149 1575; x_wconf 78' lang='lat' dir='ltr'>imitentur</span> <span class='ocrx_word' id='word_1_77' title='bbox 1173 1511 1205 1573; x_wconf 93' lang='lat' dir='ltr'>in</span> <span class='ocrx_word' id='word_1_78' title='bbox 1226 1509 1312 1574; x_wconf 88' lang='lat' dir='ltr'>aedi-</span> 
     </span>
     <span class='ocr_line' id='line_1_12' title="bbox 211 1618 1311 1708; baseline 0 -27"><span class='ocrx_word' id='word_1_79' title='bbox 211 1619 346 1701; x_wconf 84' lang='lat' dir='ltr'>ficando,</span> <span class='ocrx_word' id='word_1_80' title='bbox 373 1628 404 1684; x_wconf 92' lang='lat' dir='ltr'>et</span> <span class='ocrx_word' id='word_1_81' title='bbox 425 1628 460 1684; x_wconf 91' lang='lat' dir='ltr'>ut</span> <span class='ocrx_word' id='word_1_82' title='bbox 474 1620 598 1685; x_wconf 90' lang='lat' dir='ltr'>&#39;insidet</span> <span class='ocrx_word' id='word_1_83' title='bbox 618 1621 651 1684; x_wconf 93' lang='lat' dir='ltr'>in</span> <span class='ocrx_word' id='word_1_84' title='bbox 675 1631 781 1686; x_wconf 90' lang='lat' dir='ltr'>mente</span> <span class='ocrx_word' id='word_1_85' title='bbox 803 1621 933 1706; x_wconf 90' lang='lat' dir='ltr'>pictoris</span> <span class='ocrx_word' id='word_1_86' title='bbox 956 1621 1081 1708; x_wconf 86' lang='lat' dir='ltr'>species</span> <span class='ocrx_word' id='word_1_87' title='bbox 1102 1618 1311 1706; x_wconf 89' lang='lat' dir='ltr'>pulchritudi-</span> 
     </span>
     <span class='ocr_line' id='line_1_13' title="bbox 210 1727 1309 1815; baseline 0.001 -25"><span class='ocrx_word' id='word_1_88' title='bbox 210 1727 258 1790; x_wconf 86' lang='lat' dir='ltr'>nis</span> <span class='ocrx_word' id='word_1_89' title='bbox 282 1727 400 1794; x_wconf 85' lang='lat' dir='ltr'>eximia</span> <span class='ocrx_word' id='word_1_90' title='bbox 421 1729 586 1814; x_wconf 84' lang='lat' dir='ltr'>quaedam,</span> <span class='ocrx_word' id='word_1_91' title='bbox 622 1751 715 1815; x_wconf 91' lang='lat' dir='ltr'>quam</span> <span class='ocrx_word' id='word_1_92' title='bbox 742 1729 869 1796; x_wconf 88' lang='lat' dir='ltr'>intuens</span> <span class='ocrx_word' id='word_1_93' title='bbox 898 1729 931 1793; x_wconf 90' lang='lat' dir='ltr'>in</span> <span class='ocrx_word' id='word_1_94' title='bbox 960 1751 1086 1814; x_wconf 90' lang='lat' dir='ltr'>quaque</span> <span class='ocrx_word' id='word_1_95' title='bbox 1117 1729 1244 1794; x_wconf 85' lang='lat' dir='ltr'>defixus</span> <span class='ocrx_word' id='word_1_96' title='bbox 1269 1728 1309 1792; x_wconf 90' lang='lat' dir='ltr'>ad</span> 
     </span>
     <span class='ocr_line' id='line_1_14' title="bbox 210 1836 1311 1923; baseline 0 -25"><span class='ocrx_word' id='word_1_97' title='bbox 210 1836 294 1900; x_wconf 90' lang='lat' dir='ltr'>illius</span> <span class='ocrx_word' id='word_1_98' title='bbox 310 1836 552 1902; x_wconf 90' lang='lat' dir='ltr'>similitudinem</span> <span class='ocrx_word' id='word_1_99' title='bbox 574 1847 675 1902; x_wconf 87' lang='lat' dir='ltr'>artem</span> <span class='ocrx_word' id='word_1_100' title='bbox 698 1848 729 1904; x_wconf 91' lang='lat' dir='ltr'>et</span> <span class='ocrx_word' id='word_1_101' title='bbox 749 1860 878 1903; x_wconf 88' lang='lat' dir='ltr'>manum</span> <span class='ocrx_word' id='word_1_102' title='bbox 899 1836 1020 1922; x_wconf 84' lang='lat' dir='ltr'>dirigit,</span> <span class='ocrx_word' id='word_1_103' title='bbox 1042 1837 1085 1902; x_wconf 87' lang='lat' dir='ltr'>ita</span> <span class='ocrx_word' id='word_1_104' title='bbox 1103 1846 1134 1901; x_wconf 91' lang='lat' dir='ltr'>et</span> <span class='ocrx_word' id='word_1_105' title='bbox 1148 1856 1311 1923; x_wconf 91' lang='lat' dir='ltr'>nosopor·</span> 
     </span>
     <span class='ocr_line' id='line_1_15' title="bbox 212 1945 1312 2031; baseline -0.001 -23"><span class='ocrx_word' id='word_1_106' title='bbox 212 1953 258 2010; x_wconf 90' lang='lat' dir='ltr'>tet</span> <span class='ocrx_word' id='word_1_107' title='bbox 279 1945 414 2010; x_wconf 87' lang='lat' dir='ltr'>formam</span> <span class='ocrx_word' id='word_1_108' title='bbox 437 1946 593 2030; x_wconf 87' lang='lat' dir='ltr'>quandam</span> <span class='ocrx_word' id='word_1_109' title='bbox 615 1946 741 2012; x_wconf 88' lang='lat' dir='ltr'>virtutis</span> <span class='ocrx_word' id='word_1_110' title='bbox 764 1946 869 2012; x_wconf 85' lang='lat' dir='ltr'>animo</span> <span class='ocrx_word' id='word_1_111' title='bbox 897 1946 1089 2031; x_wconf 83' lang='lat' dir='ltr'>insculpere,</span> <span class='ocrx_word' id='word_1_112' title='bbox 1113 1967 1208 2031; x_wconf 91' lang='lat' dir='ltr'>quam</span> <span class='ocrx_word' id='word_1_113' title='bbox 1241 1967 1312 2008; x_wconf 91' lang='lat' dir='ltr'>con-</span> 
     </span>
     <span class='ocr_line' id='line_1_16' title="bbox 210 2052 1312 2141; baseline -0.002 -23"><span class='ocrx_word' id='word_1_114' title='bbox 210 2054 405 2140; x_wconf 89' lang='lat' dir='ltr'>templemur</span> <span class='ocrx_word' id='word_1_115' title='bbox 425 2063 456 2118; x_wconf 78' lang='lat' dir='ltr'>&#39;ct</span> <span class='ocrx_word' id='word_1_116' title='bbox 478 2055 510 2118; x_wconf 90' lang='lat' dir='ltr'>in</span> <span class='ocrx_word' id='word_1_117' title='bbox 533 2055 699 2120; x_wconf 87' lang='lat' dir='ltr'>eonsilium</span> <span class='ocrx_word' id='word_1_118' title='bbox 723 2055 929 2122; x_wconf 86' lang='lat' dir='ltr'>adhibeamus</span> <span class='ocrx_word' id='word_1_119' title='bbox 960 2055 1084 2141; x_wconf 90' lang='lat' dir='ltr'>quoties</span> <span class='ocrx_word' id='word_1_120' title='bbox 1105 2054 1147 2119; x_wconf 91' lang='lat' dir='ltr'>de</span> <span class='ocrx_word' id='word_1_121' title='bbox 1169 2052 1312 2118; x_wconf 88' lang='lat' dir='ltr'>moribus</span> 
     </span>
     <span class='ocr_line' id='line_1_17' title="bbox 210 2161 1311 2250; baseline -0.002 -24"><span class='ocrx_word' id='word_1_122' title='bbox 210 2163 315 2247; x_wconf 87' lang='lat' dir='ltr'>deque</span> <span class='ocrx_word' id='word_1_123' title='bbox 334 2163 502 2228; x_wconf 86' lang='lat' dir='ltr'>¹hominum</span> <span class='ocrx_word' id='word_1_124' title='bbox 525 2163 638 2228; x_wconf 87' lang='lat' dir='ltr'>officiis</span> <span class='ocrx_word' id='word_1_125' title='bbox 668 2164 949 2250; x_wconf 58' lang='lat' dir='ltr'>iudicabimus‘ffl).</span> <span class='ocrx_word' id='word_1_126' title='bbox 996 2161 1184 2247; x_wconf 82' lang='lat' dir='ltr'>Ubicunque</span> <span class='ocrx_word' id='word_1_127' title='bbox 1206 2169 1311 2226; x_wconf 88' lang='lat' dir='ltr'>autem</span> 
     </span>
     <span class='ocr_line' id='line_1_18' title="bbox 209 2269 1310 2358; baseline 0.002 -26"><span class='ocrx_word' id='word_1_128' title='bbox 209 2269 358 2335; x_wconf 84' lang='lat' dir='ltr'>inanimi</span> <span class='ocrx_word' id='word_1_129' title='bbox 386 2272 454 2336; x_wconf 86' lang='lat' dir='ltr'>sani</span> <span class='ocrx_word' id='word_1_130' title='bbox 486 2280 517 2336; x_wconf 90' lang='lat' dir='ltr'>et</span> <span class='ocrx_word' id='word_1_131' title='bbox 547 2273 630 2346; x_wconf 85' lang='lat' dir='ltr'>bene</span> <span class='ocrx_word' id='word_1_132' title='bbox 656 2272 799 2338; x_wconf 88' lang='lat' dir='ltr'>instructi</span> <span class='ocrx_word' id='word_1_133' title='bbox 831 2272 1051 2358; x_wconf 84' lang='lat' dir='ltr'>penetralibus</span> <span class='ocrx_word' id='word_1_134' title='bbox 1084 2271 1153 2336; x_wconf 90' lang='lat' dir='ltr'>talis</span> <span class='ocrx_word' id='word_1_135' title='bbox 1185 2269 1310 2335; x_wconf 81' lang='lat' dir='ltr'>virtutis</span> 
     </span>
     <span class='ocr_line' id='line_1_19' title="bbox 210 2361 1312 2466; baseline -0.001 -23"><span class='ocrx_word' id='word_1_136' title='bbox 210 2380 317 2466; x_wconf 80' lang='lat' dir='ltr'>imago</span> <span class='ocrx_word' id='word_1_137' title='bbox 342 2380 474 2462; x_wconf 85' lang='lat' dir='ltr'>eluceat,</span> <span class='ocrx_word' id='word_1_138' title='bbox 505 2381 550 2445; x_wconf 94' lang='lat' dir='ltr'>ibi</span> <span class='ocrx_word' id='word_1_139' title='bbox 573 2382 639 2446; x_wconf 90' lang='lat' dir='ltr'>elus</span> <span class='ocrx_word' id='word_1_140' title='bbox 671 2361 942 2464; x_wconf 86' lang='lat' dir='ltr'>pulchritudinem</span> <span class='ocrx_word' id='word_1_141' title='bbox 962 2380 1120 2446; x_wconf 88' lang='lat' dir='ltr'>sermonis</span> <span class='ocrx_word' id='word_1_142' title='bbox 1142 2379 1246 2444; x_wconf 90' lang='lat' dir='ltr'>nitore</span> <span class='ocrx_word' id='word_1_143' title='bbox 1268 2387 1312 2443; x_wconf 92' lang='lat' dir='ltr'>at-</span> 
     </span>
     <span class='ocr_line' id='line_1_20' title="bbox 212 2487 1312 2576; baseline -0.002 -24"><span class='ocrx_word' id='word_1_144' title='bbox 212 2510 273 2572; x_wconf 89' lang='lat' dir='ltr'>que</span> <span class='ocrx_word' id='word_1_145' title='bbox 292 2490 427 2576; x_wconf 86' lang='lat' dir='ltr'>puritate</span> <span class='ocrx_word' id='word_1_146' title='bbox 451 2489 539 2574; x_wconf 89' lang='lat' dir='ltr'>quasi</span> <span class='ocrx_word' id='word_1_147' title='bbox 560 2489 694 2574; x_wconf 88' lang='lat' dir='ltr'>speculo</span> <span class='ocrx_word' id='word_1_148' title='bbox 715 2489 878 2554; x_wconf 90' lang='lat' dir='ltr'>redditum</span> <span class='ocrx_word' id='word_1_149' title='bbox 899 2487 938 2552; x_wconf 90' lang='lat' dir='ltr'>iri</span> <span class='ocrx_word' id='word_1_150' title='bbox 958 2497 1077 2554; x_wconf 91' lang='lat' dir='ltr'>censet.</span> <span class='ocrx_word' id='word_1_151' title='bbox 1108 2487 1312 2553; x_wconf 68' lang='lat' dir='ltr'>econtrario</span> 
     </span>
     <span class='ocr_line' id='line_1_21' title="bbox 208 2595 1313 2682; baseline -0.004 -20"><span class='ocrx_word' id='word_1_152' title='bbox 208 2599 439 2675; x_wconf 71' lang='lat' dir='ltr'>„communiter</span> <span class='ocrx_word' id='word_1_153' title='bbox 460 2600 529 2664; x_wconf 89' lang='lat' dir='ltr'>fere</span> <span class='ocrx_word' id='word_1_154' title='bbox 549 2599 631 2681; x_wconf 89' lang='lat' dir='ltr'>fieri,</span> <span class='ocrx_word' id='word_1_155' title='bbox 653 2607 689 2662; x_wconf 88' lang='lat' dir='ltr'>ut</span> <span class='ocrx_word' id='word_1_156' title='bbox 711 2621 783 2664; x_wconf 90' lang='lat' dir='ltr'>cum</span> <span class='ocrx_word' id='word_1_157' title='bbox 802 2598 962 2663; x_wconf 89' lang='lat' dir='ltr'>erroribus</span> <span class='ocrx_word' id='word_1_158' title='bbox 985 2596 1173 2662; x_wconf 87' lang='lat' dir='ltr'>etfanaticis</span> <span class='ocrx_word' id='word_1_159' title='bbox 1189 2595 1313 2682; x_wconf 86' lang='lat' dir='ltr'>opinio·</span> 
     </span>
     <span class='ocr_line' id='line_1_22' title="bbox 210 2703 1310 2773; baseline -0.001 -4"><span class='ocrx_word' id='word_1_160' title='bbox 210 2705 302 2770; x_wconf 84' lang='lat' dir='ltr'>nibus</span> <span class='ocrx_word' id='word_1_161' title='bbox 325 2706 490 2773; x_wconf 87' lang='lat' dir='ltr'>coniuncta</span> <span class='ocrx_word' id='word_1_162' title='bbox 511 2707 721 2773; x_wconf 82' lang='lat' dir='ltr'>alterationis</span> <span class='ocrx_word' id='word_1_163' title='bbox 744 2706 888 2772; x_wconf 86' lang='lat' dir='ltr'>confusio</span> <span class='ocrx_word' id='word_1_164' title='bbox 912 2730 949 2772; x_wconf 89' lang='lat' dir='ltr'>ac</span> <span class='ocrx_word' id='word_1_165' title='bbox 970 2705 1181 2771; x_wconf 78' lang='lat' dir='ltr'>deformitas.“</span> <span class='ocrx_word' id='word_1_166' title='bbox 1211 2703 1310 2770; x_wconf 81' lang='lat' dir='ltr'>Cuius</span> 
     </span>
     <span class='ocr_line' id='line_1_23' title="bbox 210 2813 1312 2914; baseline -0.001 -36"><span class='ocrx_word' id='word_1_167' title='bbox 210 2814 258 2878; x_wconf 89' lang='lat' dir='ltr'>rei</span> <span class='ocrx_word' id='word_1_168' title='bbox 281 2815 468 2902; x_wconf 88' lang='lat' dir='ltr'>exemplum</span> <span class='ocrx_word' id='word_1_169' title='bbox 492 2837 563 2882; x_wconf 90' lang='lat' dir='ltr'>esse</span> <span class='ocrx_word' id='word_1_170' title='bbox 584 2817 662 2882; x_wconf 82' lang='lat' dir='ltr'>&#39;dicit</span> <span class='ocrx_word' id='word_1_171' title='bbox 691 2825 923 2914; x_wconf 77' lang='lat' dir='ltr'>monstruosam</span> <span class='ocrx_word' id='word_1_172' title='bbox 946 2824 978 2880; x_wconf 85' lang='lat' dir='ltr'>et</span> <span class='ocrx_word' id='word_1_173' title='bbox 1009 2824 1182 2880; x_wconf 86' lang='lat' dir='ltr'>contortam</span> <span class='ocrx_word' id='word_1_174' title='bbox 1204 2813 1312 2878; x_wconf 88' lang='lat' dir='ltr'>Maho-</span> 
     </span>
     <span class='ocr_line' id='line_1_24' title="bbox 212 2922 1312 3014; baseline -0.001 -27"><span class='ocrx_word' id='word_1_175' title='bbox 212 2924 288 2988; x_wconf 89' lang='lat' dir='ltr'>mcti</span> <span class='ocrx_word' id='word_1_176' title='bbox 318 2925 351 2989; x_wconf 92' lang='lat' dir='ltr'>in</span> <span class='ocrx_word' id='word_1_177' title='bbox 372 2925 534 2992; x_wconf 81' lang='lat' dir='ltr'>Alcorano</span> <span class='ocrx_word' id='word_1_178' title='bbox 569 2926 791 3014; x_wconf 68' lang='lat' dir='ltr'>orationem3),</span> <span class='ocrx_word' id='word_1_179' title='bbox 821 2925 937 3011; x_wconf 86' lang='lat' dir='ltr'>idque,</span> <span class='ocrx_word' id='word_1_180' title='bbox 962 2925 1047 3011; x_wconf 93' lang='lat' dir='ltr'>quod</span> <span class='ocrx_word' id='word_1_181' title='bbox 1069 2924 1110 2990; x_wconf 90' lang='lat' dir='ltr'>ad</span> <span class='ocrx_word' id='word_1_182' title='bbox 1131 2922 1312 2988; x_wconf 86' lang='lat' dir='ltr'>universam</span> 
     </span>
     <span class='ocr_line' id='line_1_25' title="bbox 210 3031 1314 3121; baseline -0.001 -24"><span class='ocrx_word' id='word_1_183' title='bbox 210 3036 414 3105; x_wconf 83' lang='lat' dir='ltr'>oraculorum</span> <span class='ocrx_word' id='word_1_184' title='bbox 439 3044 627 3102; x_wconf 86' lang='lat' dir='ltr'>structuram</span> <span class='ocrx_word' id='word_1_185' title='bbox 648 3035 802 3121; x_wconf 88' lang='lat' dir='ltr'>pertinet,</span> <span class='ocrx_word' id='word_1_186' title='bbox 826 3055 885 3100; x_wconf 88' lang='lat' dir='ltr'>suo</span> <span class='ocrx_word' id='word_1_187' title='bbox 919 3035 998 3117; x_wconf 88' lang='lat' dir='ltr'>iure,</span> <span class='ocrx_word' id='word_1_188' title='bbox 1027 3034 1104 3100; x_wconf 88' lang='lat' dir='ltr'>licet</span> <span class='ocrx_word' id='word_1_189' title='bbox 1132 3032 1259 3118; x_wconf 87' lang='lat' dir='ltr'>singula</span> <span class='ocrx_word' id='word_1_190' title='bbox 1281 3031 1314 3096; x_wconf 93' lang='lat' dir='ltr'>in</span> 
     </span>
     <span class='ocr_line' id='line_1_26' title="bbox 209 3133 1312 3230; baseline 0.001 -26"><span class='ocrx_word' id='word_1_191' title='bbox 209 3141 247 3206; x_wconf 91' lang='lat' dir='ltr'>iis</span> <span class='ocrx_word' id='word_1_192' title='bbox 271 3141 471 3228; x_wconf 86' lang='lat' dir='ltr'>elegantiora</span> <span class='ocrx_word' id='word_1_193' title='bbox 491 3144 563 3226; x_wconf 91' lang='lat' dir='ltr'>sint,</span> <span class='ocrx_word' id='word_1_194' title='bbox 586 3167 680 3230; x_wconf 91' lang='lat' dir='ltr'>quam</span> <span class='ocrx_word' id='word_1_195' title='bbox 701 3165 743 3208; x_wconf 87' lang='lat' dir='ltr'>ex</span> <span class='ocrx_word' id='word_1_196' title='bbox 765 3143 954 3230; x_wconf 89' lang='lat' dir='ltr'>imperfecta</span> <span class='ocrx_word' id='word_1_197' title='bbox 971 3133 1232 3230; x_wconf 87' lang='lat' dir='ltr'>interpretatione</span> <span class='ocrx_word' id='word_1_198' title='bbox 1254 3141 1312 3206; x_wconf 87' lang='lat' dir='ltr'>La.</span> 
     </span>
     <span class='ocr_line' id='line_1_27' title="bbox 206 3252 614 3338; baseline 0.002 -23"><span class='ocrx_word' id='word_1_199' title='bbox 206 3252 275 3328; x_wconf 79' lang='lat' dir='ltr'>tina</span> <span class='ocrx_word' id='word_1_200' title='bbox 294 3252 434 3338; x_wconf 86' lang='lat' dir='ltr'>intelligi</span> <span class='ocrx_word' id='word_1_201' title='bbox 452 3261 586 3338; x_wconf 85' lang='lat' dir='ltr'>poterat.</span> <span class='ocrx_word' id='word_1_202' title='bbox 611 3271 614 3280; x_wconf 80' lang='grc'><em>’</em></span> 
     </span>
    </p>

    <p class='ocr_par' dir='ltr' id='par_1_4' title="bbox 211 3359 1315 3662">
     <span class='ocr_line' id='line_1_28' title="bbox 256 3359 1312 3442; baseline -0.004 -16"><span class='ocrx_word' id='word_1_203' title='bbox 256 3359 416 3440; x_wconf 84' lang='lat' dir='ltr'>Quantum</span> <span class='ocrx_word' id='word_1_204' title='bbox 439 3361 534 3426; x_wconf 85' lang='lat' dir='ltr'>etiam</span> <span class='ocrx_word' id='word_1_205' title='bbox 557 3362 590 3425; x_wconf 92' lang='lat' dir='ltr'>in</span> <span class='ocrx_word' id='word_1_206' title='bbox 613 3361 791 3427; x_wconf 88' lang='lat' dir='ltr'>iudicandis</span> <span class='ocrx_word' id='word_1_207' title='bbox 813 3361 996 3442; x_wconf 83' lang='lat' dir='ltr'>hominibus</span> <span class='ocrx_word' id='word_1_208' title='bbox 1012 3361 1187 3426; x_wconf 89' lang='lat' dir='ltr'>sentcntiae</span> <span class='ocrx_word' id='word_1_209' title='bbox 1203 3359 1250 3423; x_wconf 94' lang='lat' dir='ltr'>illi</span> <span class='ocrx_word' id='word_1_210' title='bbox 1271 3360 1312 3423; x_wconf 92' lang='lat' dir='ltr'>de</span> 
     </span>
     <span class='ocr_line' id='line_1_29' title="bbox 212 3469 1315 3556; baseline -0.002 -23"><span class='ocrx_word' id='word_1_211' title='bbox 212 3469 316 3534; x_wconf 88' lang='lat' dir='ltr'>nativa</span> <span class='ocrx_word' id='word_1_212' title='bbox 337 3469 464 3556; x_wconf 89' lang='lat' dir='ltr'>pulchri</span> <span class='ocrx_word' id='word_1_213' title='bbox 487 3479 518 3534; x_wconf 88' lang='lat' dir='ltr'>et</span> <span class='ocrx_word' id='word_1_214' title='bbox 538 3471 615 3535; x_wconf 88' lang='lat' dir='ltr'>recti</span> <span class='ocrx_word' id='word_1_215' title='bbox 632 3471 854 3536; x_wconf 83' lang='lat' dir='ltr'>coniunctione</span> <span class='ocrx_word' id='word_1_216' title='bbox 868 3471 1024 3553; x_wconf 89' lang='lat' dir='ltr'>tribuerit,</span> <span class='ocrx_word' id='word_1_217' title='bbox 1039 3469 1176 3555; x_wconf 82' lang='lat' dir='ltr'>egregie</span> <span class='ocrx_word' id='word_1_218' title='bbox 1199 3469 1315 3533; x_wconf 87' lang='lat' dir='ltr'>docent</span> 
     </span>
     <span class='ocr_line' id='line_1_30' title="bbox 211 3577 1315 3662; baseline -0.003 -20"><span class='ocrx_word' id='word_1_219' title='bbox 211 3579 335 3644; x_wconf 85' lang='lat' dir='ltr'>litterae</span> <span class='ocrx_word' id='word_1_220' title='bbox 357 3578 398 3644; x_wconf 90' lang='lat' dir='ltr'>ad</span> <span class='ocrx_word' id='word_1_221' title='bbox 431 3578 646 3645; x_wconf 82' lang='lat' dir='ltr'>Castalionem</span> <span class='ocrx_word' id='word_1_222' title='bbox 678 3580 780 3662; x_wconf 88' lang='lat' dir='ltr'>datae,</span> <span class='ocrx_word' id='word_1_223' title='bbox 804 3578 910 3644; x_wconf 88' lang='lat' dir='ltr'>virum</span> <span class='ocrx_word' id='word_1_224' title='bbox 936 3578 1094 3644; x_wconf 87' lang='lat' dir='ltr'>sermonis</span> <span class='ocrx_word' id='word_1_225' title='bbox 1124 3577 1259 3662; x_wconf 88' lang='lat' dir='ltr'>puritate</span> <span class='ocrx_word' id='word_1_226' title='bbox 1283 3583 1315 3640; x_wconf 88' lang='lat' dir='ltr'>et</span> 
     </span>
    </p>
   </div>
   <div class='ocr_carea' id='block_1_3' title="bbox 210 3686 1313 3775">
    <p class='ocr_par' dir='ltr' id='par_1_5' title="bbox 210 3686 1313 3775">
     <span class='ocr_line' id='line_1_31' title="bbox 210 3686 1313 3775; baseline 0 -25"><span class='ocrx_word' id='word_1_227' title='bbox 210 3687 323 3772; x_wconf 88' lang='lat' dir='ltr'>lepore</span> <span class='ocrx_word' id='word_1_228' title='bbox 336 3687 497 3752; x_wconf 86' lang='lat' dir='ltr'>eximium.</span> <span class='ocrx_word' id='word_1_229' title='bbox 521 3687 580 3755; x_wconf 82' lang='lat' dir='ltr'>Oui</span> <span class='ocrx_word' id='word_1_230' title='bbox 593 3689 834 3754; x_wconf 87' lang='lat' dir='ltr'>Melanchthon:</span> <span class='ocrx_word' id='word_1_231' title='bbox 858 3687 1067 3775; x_wconf 58' lang='lat' dir='ltr'>„Conspecta</span> <span class='ocrx_word' id='word_1_232' title='bbox 1084 3686 1194 3770; x_wconf 88' lang='lat' dir='ltr'>inquit,</span> <span class='ocrx_word' id='word_1_233' title='bbox 1212 3686 1313 3750; x_wconf 85' lang='lat' dir='ltr'>forma</span> 
     </span>
    </p>
   </div>
   <div class='ocr_carea' id='block_1_4' title="bbox 107 3794 1313 3886">
    <p class='ocr_par' dir='ltr' id='par_1_6' title="bbox 107 3794 1313 3886">
     <span class='ocr_line' id='line_1_32' title="bbox 107 3794 1313 3886; baseline 0 -28"><span class='ocrx_word' id='word_1_234' title='bbox 107 3817 111 3824; x_wconf 92' lang='lat'>·</span> <span class='ocrx_word' id='word_1_235' title='bbox 211 3795 364 3860; x_wconf 81' lang='lat' dir='ltr'>orationis</span> <span class='ocrx_word' id='word_1_236' title='bbox 383 3805 457 3862; x_wconf 90' lang='lat' dir='ltr'>tuae</span> <span class='ocrx_word' id='word_1_237' title='bbox 477 3818 607 3886; x_wconf 89' lang='lat' dir='ltr'>semper</span> <span class='ocrx_word' id='word_1_238' title='bbox 626 3807 659 3864; x_wconf 91' lang='lat' dir='ltr'>te</span> <span class='ocrx_word' id='word_1_239' title='bbox 680 3800 789 3884; x_wconf 79' lang='lat' dir='ltr'>magni</span> <span class='ocrx_word' id='word_1_240' title='bbox 810 3798 883 3864; x_wconf 79' lang='lat' dir='ltr'>feei.</span> <span class='ocrx_word' id='word_1_241' title='bbox 924 3796 982 3862; x_wconf 88' lang='lat' dir='ltr'>Est</span> <span class='ocrx_word' id='word_1_242' title='bbox 996 3795 1098 3876; x_wconf 78' lang='lat' dir='ltr'>enim,</span> <span class='ocrx_word' id='word_1_243' title='bbox 1120 3804 1155 3859; x_wconf 90' lang='lat' dir='ltr'>ut</span> <span class='ocrx_word' id='word_1_244' title='bbox 1174 3794 1247 3876; x_wconf 88' lang='lat' dir='ltr'>scis,</span> <span class='ocrx_word' id='word_1_245' title='bbox 1268 3794 1313 3858; x_wconf 92' lang='lat' dir='ltr'>in-</span> 
     </span>
    </p>
   </div>
   <div class='ocr_carea' id='block_1_5' title="bbox 210 3973 409 3987">
    <p class='ocr_par' dir='ltr' id='par_1_7' title="bbox 210 3973 409 3987">
     <span class='ocr_line' id='line_1_33' title="bbox 210 3973 409 3987; baseline 0.02 -5"><span class='ocrx_word' id='word_1_246' title='bbox 210 3973 409 3987; x_wconf 84' lang='lat'>——..—..</span> 
     </span>
    </p>
   </div>
   <div class='ocr_carea' id='block_1_6' title="bbox 262 4049 744 4310">
    <p class='ocr_par' dir='ltr' id='par_1_8' title="bbox 262 4049 744 4310">
     <span class='ocr_line' id='line_1_34' title="bbox 263 4049 744 4121; baseline -0.004 -15"><span class='ocrx_word' id='word_1_247' title='bbox 263 4052 290 4121; x_wconf 81' lang='lat'>1)</span> <span class='ocrx_word' id='word_1_248' title='bbox 309 4051 337 4105; x_wconf 81' lang='lat' dir='ltr'>O.</span> <span class='ocrx_word' id='word_1_249' title='bbox 356 4050 390 4106; x_wconf 90' lang='lat' dir='ltr'>R.</span> <span class='ocrx_word' id='word_1_250' title='bbox 407 4051 447 4104; x_wconf 83' lang='lat' dir='ltr'>XI</span> <span class='ocrx_word' id='word_1_251' title='bbox 465 4052 526 4107; x_wconf 74' lang='lat'><strong>250.</strong></span> <span class='ocrx_word' id='word_1_252' title='bbox 545 4051 607 4108; x_wconf 78' lang='lat'><strong>373.</strong></span> <span class='ocrx_word' id='word_1_253' title='bbox 624 4049 664 4104; x_wconf 89' lang='lat' dir='ltr'>IX</span> <span class='ocrx_word' id='word_1_254' title='bbox 681 4051 744 4106; x_wconf 77' lang='lat'><strong>696.</strong></span> 
     </span>
     <span class='ocr_line' id='line_1_35' title="bbox 263 4146 501 4216; baseline -0.008 -14"><span class='ocrx_word' id='word_1_255' title='bbox 263 4146 289 4215; x_wconf 79' lang='lat'>2)</span> <span class='ocrx_word' id='word_1_256' title='bbox 307 4147 354 4202; x_wconf 84' lang='lat' dir='ltr'>xl.</span> <span class='ocrx_word' id='word_1_257' title='bbox 375 4149 427 4204; x_wconf 77' lang='lat'>112</span> <span class='ocrx_word' id='word_1_258' title='bbox 445 4163 501 4216; x_wconf 90' lang='lat' dir='ltr'>seq.</span> 
     </span>
     <span class='ocr_line' id='line_1_36' title="bbox 262 4241 425 4310; baseline -0.006 -12"><span class='ocrx_word' id='word_1_259' title='bbox 262 4241 288 4310; x_wconf 88' lang='lat'>3)</span> <span class='ocrx_word' id='word_1_260' title='bbox 307 4241 345 4295; x_wconf 88' lang='lat' dir='ltr'>XI</span> <span class='ocrx_word' id='word_1_261' title='bbox 363 4243 425 4297; x_wconf 84' lang='lat'>865.</span> 
     </span>
    </p>
   </div>
   <div class='ocr_carea' id='block_1_7' title="bbox 0 0 1598 5090">
    <p class='ocr_par' dir='ltr' id='par_1_9' title="bbox 0 0 1598 5090">
     <span class='ocr_line' id='line_1_37' title="bbox 0 0 1598 5090; baseline 0 0"><span class='ocrx_word' id='word_1_262' title='bbox 0 0 1598 5090; x_wconf 95' lang='lat' dir='ltr'> </span> 
     </span>
    </p>
   </div>
  </div>
 </body>
</html>
