3186 5090
819 321 858 386 18

292 504 396 590 sitque
420 501 553 590 propria
575 509 607 566 et
627 501 767 588 simplex
791 499 942 567 erationis
965 503 1068 570 forma
1085 505 1186 589 qualis
1202 505 1330 620 Apellis
1346 517 1397 574 est

292 612 381 680 color
402 612 435 676 in
457 610 637 698 tabulis“¹).
688 609 726 674 ln
754 610 814 676 hac
843 611 1039 699 proprietate
1068 621 1162 699 atque
1184 615 1393 703 simplicitate,

286 732 428 790 naturam
449 743 560 788 rerum
582 721 755 808 diligenter
788 721 1010 809 exprimente,
1033 745 1109 788 vera
1138 724 1214 810 styli
1236 727 1393 812 perfectio

174 923 178 928 1
290 834 392 922 posita
416 843 479 915 est,
504 855 598 918 quam
627 831 754 918 assequi
785 854 848 899 non
881 841 943 898 tam
973 833 1066 900 facile
1091 845 1139 900 est
1168 858 1264 922 quam
1285 838 1393 904 multis

290 942 426 1010 videtur.
480 941 626 1022 ,Memini
656 941 759 1008 virum
796 941 1010 1010 excellentem
1044 944 1177 1030 ingenio
1213 954 1244 1010 et
1276 946 1394 1012 virtute

292 1053 462 1120 Albertum
491 1051 672 1131 Durerum,
696 1060 825 1116 nostrae
858 1051 967 1118 aetatis
990 1051 1160 1139 Apellam,
1189 1077 1288 1140 quum
1315 1055 1394 1121 mihi

294 1162 410 1250 cupide
435 1161 574 1228 audienti
609 1169 874 1228 commemoraret
906 1170 937 1228 et
968 1162 1204 1230 adolescentiae
1236 1164 1340 1230 studia
1363 1173 1395 1230 et

293 1297 389 1362 quem
412 1273 469 1340 sibi
490 1281 602 1360 postea
630 1295 762 1360 scopum
786 1271 860 1338 artis
883 1273 1122 1360 proposuisset,
1147 1295 1210 1360 quo
1235 1274 1324 1360 quasi
1348 1274 1395 1340 di-

290 1395 409 1452 rectam
432 1407 562 1450 manum
583 1383 730 1464 haberet,
764 1382 871 1448 dicere
902 1405 937 1448 se
959 1384 1196 1450 adolescentem
1218 1383 1250 1448 in
1271 1384 1397 1471 pictura

293 1494 399 1562 floridi
421 1493 541 1579 aliquid
561 1502 592 1558 et
613 1491 777 1559 mirificam
802 1492 961 1577 quandam
990 1516 1026 1558 ac
1046 1515 1150 1580 paene
1171 1493 1395 1580 prodigiosam

291 1602 475 1668 varietatem
494 1621 615 1668 amasse
638 1609 789 1687 gestuum
811 1608 905 1686 atque
927 1609 1186 1666 ornamentorum
1211 1600 1315 1666 omnis
1338 1622 1394 1686 ge-

292 1714 389 1776 neris.
426 1710 541 1778 Postea
563 1719 785 1774 senescentem
808 1731 842 1774 se
866 1709 1066 1774 consuluisse
1089 1719 1233 1776 naturam
1257 1719 1288 1774 et
1309 1709 1396 1775 illius

294 1820 431 1886 nativam
452 1819 565 1886 faciem
593 1819 709 1884 intueri
738 1827 884 1884 conatum
908 1840 980 1884 esse
1004 1840 1139 1904 eamque
1164 1819 1396 1907 simplieitatem

295 1941 370 1996 tunc
392 1931 591 1997 intellexisse
623 1952 782 1996 summum
804 1929 879 1994 artis
912 1928 1010 1996 decus
1035 1951 1115 1996 esse.
1169 1930 1275 2011 Quam
1297 1952 1395 2015 quum

294 2065 356 2108 non
381 2065 516 2129 prorsus
538 2040 665 2126 assequi
687 2048 807 2127 posset,
831 2039 955 2106 dicebat
978 2061 1012 2104 se
1033 2039 1094 2105 iam
1116 2063 1181 2105 non
1204 2062 1275 2105 esse
1298 2039 1396 2104 admi·

291 2159 432 2217 retorem
456 2171 592 2236 operum
613 2171 745 2214 suorum
770 2160 805 2214 ut
827 2148 914 2228 olim,
933 2149 991 2213 sed
1009 2169 1105 2234 saepe
1122 2169 1257 2234 gemere
1272 2147 1395 2212 intuen-

293 2269 358 2326 tem
380 2283 453 2324 suas
474 2259 596 2328 tabulas
619 2283 656 2324 ae
680 2257 871 2345 cogitantem
894 2259 935 2324 de
956 2257 1137 2324 infirmitate
1161 2281 1226 2322 sua.
1279 2257 1395 2344 Neque

293 2393 372 2436 vero
394 2370 517 2436 facilius
542 2379 590 2434 est
610 2370 693 2436 vitae
724 2370 853 2456 negotia
883 2369 990 2435 verbis
1014 2369 1154 2457 propriis
1180 2391 1274 2455 quam
1303 2378 1394 2436 natu-

291 2505 361 2548 ram
384 2481 545 2547 coloribus
569 2478 814 2566 exprimerem).

334 2590 395 2654 Illa
417 2588 543 2655 dicendi
565 2587 748 2676 simplicitas
778 2610 843 2652 non
876 2587 959 2652 tollit
995 2587 1121 2652 diversa
1152 2588 1228 2674 styli
1266 2609 1397 2673 genera,

297 2721 377 2786 quae
397 2698 624 2765 Melanchthon
650 2697 764 2763 usitato
786 2719 874 2763 more
907 2696 1057 2764 describit
1080 2707 1111 2762 et
1133 2697 1289 2763 adiunctis
1310 2707 1396 2762 vete-

294 2831 367 2874 rum
391 2809 578 2893 scriptorum
600 2805 758 2893 exemplis
781 2805 926 2870 illustrata
976 2805 1128 2871 Ceterum
1150 2806 1293 2872 diversas
1316 2806 1397 2871 eius·

295 2916 384 2982 modi
406 2917 523 2981 formas
554 2936 689 3002 operum
717 2939 781 2980 non
811 2917 915 2982 solum
937 2915 969 2982 in
993 2917 1054 2983 hae
1085 2917 1212 2984 dicendi
1237 2927 1306 2983 arte
1338 2918 1398 2983 aed

296 3025 328 3091 in
351 3026 516 3112 plerisque
539 3025 608 3090 aliis
629 3024 715 3090 nasei
737 3025 942 3111 ingeniorum
963 3026 1221 3092 dissimilitudine
1239 3029 1397 3093 observat.

296 3131 337 3198 Et
359 3144 466 3206 tamen
486 3143 591 3202 certos
614 3133 703 3219 quasi
726 3134 846 3219 gradus
872 3135 1109 3200 animadversos
1126 3157 1209 3218 esse,
1224 3137 1303 3200 intra
1321 3158 1399 3221 quos

295 3243 356 3307 hae
379 3243 501 3307 formae
525 3241 704 3322 consistant,
728 3241 876 3308 nimirum
899 3243 1020 3308 humile
1046 3265 1152 3329 genus
1176 3252 1206 3307 et
1230 3243 1276 3308 illi
1300 3265 1399 3331 oppo-

296 3350 390 3416 situm
412 3350 553 3436 grande3
585 3350 712 3414 tertium
738 3371 809 3416 esse
832 3351 1014 3432 mediocre,
1038 3351 1124 3437 quod
1146 3352 1251 3438 primo
1276 3373 1399 3438 genere

296 3459 424 3546 plenius
447 3459 486 3523 sit
509 3468 667 3524 ettamen
689 3459 919 3545 aliquantulum
943 3485 960 3524 a
984 3483 1109 3526 summo
1134 3461 1223 3526 absit.
1279 3461 1316 3525 In
1348 3461 1399 3547 pi-

282 3567 393 3645 cturis
416 3567 507 3633 facile
539 3567 741 3654 deprehendi
759 3568 819 3656 has
842 3569 1039 3636 differentias
1071 3591 1177 3656 posse.
1233 3569 1399 3634 Durerum

351 3827 377 3895 1)
395 3825 461 3879 XIII
479 3829 531 3882 505
552 3843 608 3896 seq.
627 3825 666 3880 IX
684 3828 744 3882 695.
765 3827 826 3882 690.
846 3844 903 3895 seq.
923 3825 1040 3882 111677.
1060 3827 1098 3881 IV
1120 3828 1180 3883 725.

350 3922 377 3992 9)
395 3923 424 3977 O.
445 3922 478 3977 R.
498 3921 537 3976 VI
555 3925 607 3979 322
626 3927 655 3976 et
672 3923 711 3976 IX
730 3923 791 3980 694.
828 3923 980 3991 Utrumque
999 3923 1091 3977 locum
1111 3924 1302 3978 coniunximus
1321 3921 1402 3978 iniis

299 4033 369 4088 quae
387 4035 472 4087 supra
490 4018 631 4088 leguntur.
667 4017 811 4072 Alluditur
828 4018 864 4072 sd
882 4017 979 4072 ecdem
996 4017 1099 4072 Dureri
1122 4018 1209 4072 verba
1227 4018 1253 4071 V
1270 4018 1403 4086 523,an

297 4119 327 4196 et
348 4131 364 4168 a
385 4114 516 4169 senilibus
535 4114 696 4184 Sophoclis,
718 4114 882 4182 Carneadis,
902 4114 1044 4170 Olearonis
1063 4115 1195 4185 operibus
1213 4097 1342 4184 exempla
1359 4131 1403 4170 sn·

298 4215 420 4266 muntur.
