3186 5090
779 279 821 345 to

247 470 324 543 tum,
348 480 382 524 se
412 461 438 524 si
470 459 628 526 mathesin
660 461 844 530 universam
874 459 929 528 vel
955 461 1069 526 haustu
1092 483 1156 528 uno
1180 464 1349 550 complecti

247 571 299 634 vel
320 569 354 634 in
383 568 555 654 pulticulae
579 569 758 654 liquidioris
781 569 916 634 formam
948 591 1130 654 excoquere
1151 581 1270 657 posset,
1293 573 1348 636 vix

250 681 451 746 obtenturum
474 678 560 763 apud
581 700 666 759 suos,
697 687 732 742 ut
754 679 890 744 redeant
920 679 1013 744 toties
1047 687 1079 744 et
1107 690 1238 766 recepto
1260 683 1294 746 in
1315 704 1351 746 os
1408 739 1412 744 .

247 788 449 855 infundibulo
473 809 594 852 moram
616 788 778 874 perferant
795 787 871 854 citra
885 789 1065 854 molestiam
1078 810 1229 874 eousque,
1249 791 1353 857 donec

248 897 429 964 universam
449 895 633 960 instillasset
654 895 709 960 vel
731 895 873 962 faucibus
894 895 997 981 digito
1016 895 1179 962 illevisset.
1202 897 1293 964 idem
1311 899 1352 964 dc

248 1006 364 1070 nostris
387 1003 582 1070 auditoribus
607 1004 697 1088 queri
718 1004 788 1068 iure
809 1025 990 1088 possumus,
1015 1004 1068 1088 qui
1090 1025 1187 1088 quum
1207 1005 1353 1072 ordimur

250 1121 414 1178 auctorum
437 1112 678 1194 enarrationem,
700 1112 837 1176 novitate
854 1111 959 1178 allecti
971 1121 1140 1178 accurrunt
1156 1115 1351 1198 frequentes,

249 1223 308 1288 sed
328 1221 485 1308 principio
508 1220 564 1286 vix
587 1220 700 1284 leviter
730 1220 909 1306 degustato,
942 1221 997 1288 ubi
1019 1221 1134 1286 adres
1161 1222 1247 1308 ipsas
1280 1245 1352 1309 per·

250 1341 380 1396 ventum
402 1340 458 1412 est,
483 1330 566 1414 capti
588 1330 732 1394 satietate
754 1338 807 1395 aut
827 1330 985 1396 absterriti
1007 1331 1210 1416 impensioris
1236 1340 1268 1396 ot
1284 1333 1352 1396 din-

249 1440 400 1506 turnioris
425 1439 520 1504 studii
541 1440 700 1524 opinione,
725 1461 819 1523 quam
841 1460 882 1504 ex
904 1439 983 1504 falsa
1005 1439 1201 1506 difficultatis
1222 1462 1354 1527 persua-

250 1549 340 1614 sione
363 1549 507 1630 induunt,
530 1570 608 1612 mox
639 1547 811 1633 diffugiunt
831 1569 937 1632 neque
959 1549 1073 1614 ordine
1096 1571 1202 1634 neque
1224 1549 1354 1633 integre

253 1668 334 1723 artes
358 1658 491 1724 discunt.
526 1656 577 1721 Ne
599 1666 705 1722 tamen
727 1656 824 1721 rudes
847 1679 980 1742 prorsus
1002 1679 1073 1724 esse
1098 1666 1192 1743 atque
1213 1657 1354 1745 imperiti

252 1769 367 1832 harum
393 1766 507 1830 artium
529 1766 706 1848 videantur,
730 1765 846 1832 omissa
870 1766 1005 1834 fontium
1028 1766 1286 1832 dulcissimorum
1307 1766 1353 1830 in·

253 1875 420 1960 quisitionc
446 1884 477 1940 et
500 1874 692 1960 cognitione,
716 1877 845 1940 umbras
869 1884 992 1961 captant
1013 1883 1044 1940 et
1065 1875 1220 1961 arripiunt
1234 1875 1356 1960 aliquas

252 1985 399 2050 alicunde
420 1994 451 2049 et
473 1984 540 2048 sinc
570 1983 688 2048 iudicio
723 1983 946 2050 consarcinatis
969 1983 1098 2066 libellis,
1121 2005 1182 2050 neo
1203 2005 1301 2050 verae
1326 1993 1358 2048 et

251 2092 374 2158 solidae
406 2091 594 2158 eruditionis
626 2100 756 2178 gustum
787 2105 928 2178 unquam
959 2101 1207 2186 consequuntur.
1264 2091 1359 2158 Hanc

253 2201 397 2267 discendi
420 2201 695 2285 perversissimam
725 2201 880 2266 rationem
907 2202 1104 2286 reprehendi
1139 2223 1274 2268 necesse
1297 2210 1355 2267 est.

252 2311 342 2375 Haeo
365 2310 476 2374 artium
503 2311 663 2374 interitum
685 2309 806 2375 adfert“
819 2311 857 2396 1).

292 2420 464 2485 Praeterea
486 2419 612 2505 saepius
636 2419 728 2486 etiam
751 2441 857 2484 mores
878 2419 952 2484 illos
973 2419 1140 2504 vituperat,
1161 2419 1214 2505 qni
1235 2419 1270 2483 in
1291 2402 1371 2485 mes

254 2529 314 2594 diis
337 2527 530 2596 Germaniae
554 2528 734 2610 academiis,
758 2528 975 2593 nobilissimae
1003 2527 1126 2614 ingenii
1147 2528 1302 2595 libertatis
1326 2539 1358 2596 et

253 2638 501 2703 humanissimae
526 2638 713 2703 cruditionis
737 2638 879 2720 sedibus,
905 2646 1047 2702 veterem
1071 2638 1183 2722 populi
1204 2639 1357 2704 ferociam

258 2758 289 2813 ct
307 2745 683 2832 barbariem'sapiebant.
717 2746 973 2829 ,Adolescentia
994 2747 1104 2832 inquit,
1127 2757 1239 2812 natura
1259 2769 1359 2834 aegre

252 2857 368 2941 patitur
397 2856 509 2941 legum
533 2855 669 2937 uincula,
694 2855 854 2921 licentiam
880 2855 1106 2940 cupiditatibus
1130 2856 1195 2920 suis
1218 2857 1359 2942 permitti

256 2965 350 3052 cupit.
406 2964 448 3028 Et
479 2965 686 3049 quorundam,
717 2974 802 3031 tanta
827 2973 875 3030 est
901 2963 1056 3046 ferocitas,
1080 2974 1115 3030 ut
1136 2974 1353 3051 contemptum

257 3071 443 3158 disciplinae
466 3083 497 3138 et
516 3074 626 3159 legum
651 3073 868 3138 fortitudinem
884 3073 1042 3159 quandam
1059 3095 1131 3138 erse
1146 3083 1267 3160 putent.
1289 3073 1357 3142 Sed

254 3184 334 3248 haec
357 3182 535 3269 Cyclopica
563 3182 627 3246 vita
656 3181 879 3268 indignissima
910 3191 958 3248 est
984 3183 1206 3250 scholasticis.“
1266 3183 1357 3263 „Non

258 3294 343 3358 enim
362 3292 526 3357 hominnm
549 3293 607 3356 sed
632 3291 812 3376 Cyelopum
842 3291 875 3354 hi
899 3314 1005 3376 mores
1033 3302 1115 3375 sunt,
1137 3302 1217 3358 totas
1246 3303 1358 3359 noctes

230 3380 287 3464 'in
310 3400 439 3487 publico
463 3400 654 3482 tumultuari,
680 3399 807 3467 furiosis
830 3399 1020 3467 clamoribus
1048 3402 1153 3466 omnia
1182 3402 1358 3490 complere,

257 3510 417 3592 conviciis,
441 3510 584 3596 lapidum
607 3510 701 3591 iactu,
720 3509 818 3574 armis
841 3509 874 3572 in
895 3519 1023 3595 pacatos
1051 3511 1196 3597 adeoque
1217 3512 1359 3579 inermes

255 3629 349 3706 atque
372 3620 558 3686 innocentes
576 3619 725 3684 hostilem
744 3618 779 3682 in
802 3619 932 3683 modum
949 3620 1146 3702 debacchari,
1169 3643 1359 3708 oppugnare

160 3744 162 3750 '
255 3730 461 3794 honestorum
478 3727 592 3792 civium
612 3727 719 3808 aedes,
741 3726 916 3812 effringere
936 3728 1032 3809 fores,
1049 3728 1215 3812 fenestras,
1230 3733 1359 3796 turbare

256 3859 401 3902 somnum
432 3836 612 3925 puerperis,
647 3837 834 3922 miserisque
867 3837 1006 3922 aegrotis
1036 3861 1072 3902 ac
1102 3839 1241 3922 senibus,
1268 3840 1359 3904 dissi-

255 3970 334 4034 pare
356 3950 501 4014 tabernas
523 3947 557 4012 in
578 3950 660 4028 foro,
682 3955 848 4037 curruspet
869 3946 1025 4031 quidquid
1047 3948 1192 4014 occurrit.
1235 3948 1360 4036 Turpia

265 4109 461 4122 *ψη-.-

311 4183 407 4254 1)x11
426 4184 486 4242 243.
507 4201 564 4255 seq.
583 4183 621 4256 (in
641 4183 767 4242 oratione
785 4182 905 4242 Pcuocri
920 4182 1032 4246 nornine
1051 4184 1174 4256 scripta).
