3186 5090
841 379 884 441 50

309 561 341 624 in
365 558 505 626 humano
529 561 693 648 corpore?
713 598 755 612 --
788 561 845 626 Est
868 571 900 627 et
920 563 1084 651 singulare
1107 565 1170 629 Dei
1193 587 1275 653 opus
1298 589 1412 633 sensns

307 670 446 734 musices
466 669 500 733 in
521 669 650 736 homine
672 678 703 734 et
728 669 910 737 diiudicatio
933 695 1094 740 sonorum.
1139 673 1193 742 Sic
1216 675 1342 740 condita
1363 686 1413 741 est

307 787 432 859 natura,
459 786 495 842 ut
522 785 625 843 certos
655 795 769 845 vocum
798 777 929 864 gradus,
960 789 1070 863 metas,
1095 781 1261 848 intervalla
1282 783 1406 866 sentiat,

307 887 449 953 suaviter
480 883 634 952 afficiatur
668 888 831 954 concinnis
861 889 1003 971 vocibus,
1027 890 1209 956 offendatur
1229 893 1411 973 contrariis3

307 997 372 1061 imo
395 1007 547 1083 qnantum
570 998 758 1063 miraculum
779 1007 836 1080 cst,
859 998 928 1064 aliis
958 999 1131 1067 harmoniis
1153 1001 1231 1067 alios
1260 1023 1322 1072 seu
1341 1023 1413 1068 eu·-

307 1106 366 1189 dis,
390 1128 448 1172 scu
473 1105 770 1193 spirituummotus
793 1108 946 1174 excitari?
990 1109 1217 1178 Alexandrum
1239 1111 1317 1177 certi
1338 1135 1409 1177 can-

307 1218 608 1314 transcendebant,
628 1227 664 1283 ut
685 1219 818 1284 arderet
836 1217 1005 1306 pugnandi
1025 1221 1212 1307 cupiditate:
1241 1223 1411 1289 flectebant

250 1339 252 1342 '
303 1328 360 1394 alii
378 1351 492 1395 rursus
514 1329 556 1394 ad
575 1327 738 1394 lenitatem
759 1337 790 1394 et
812 1329 960 1416 quietem.
995 1329 1166 1411 Quomodo
1188 1332 1409 1419 intelligemus

259 1502 263 1510 .
307 1433 395 1505 feriri
416 1440 539 1505 animos
562 1439 612 1506 his
630 1440 663 1504 in
686 1447 761 1506 a'e're
782 1438 946 1506 motibus?
979 1439 1130 1506 —Foris
1158 1417 1322 1527 uteunque
1351 1442 1409 1505 mi-

305 1549 442 1616 randum
468 1549 661 1638 adspicimus
686 1557 716 1613 et
746 1548 815 1614 eius
843 1547 999 1616 beneficio
1031 1549 1184 1616 fruimur:
1218 1550 1276 1616 scd
1299 1573 1410 1616 causas

306 1660 435 1749 penitus
456 1682 522 1726 non
543 1659 701 1740 videmus,
726 1680 803 1744 quas
824 1667 931 1723 tamen
953 1657 987 1721 in
1007 1657 1062 1722 illa
1083 1658 1215 1724 coelesti
1235 1660 1411 1725 Academia

306 1770 475 1851 discemus,
504 1791 603 1856 quum
632 1767 736 1833 ideam
766 1767 861 1832 totius
892 1766 1009 1855 opificii
1036 1767 1069 1832 in
1097 1778 1205 1834 mente
1237 1768 1341 1835 divina
1362 1768 1409 1835 in·
1457 1841 1459 1848 s

306 1882 496 1949 tuebimur.“
549 1879 712 1963 Similiter,
743 1878 783 1943 de
814 1879 940 1965 magnis
970 1885 1064 1964 atque
1092 1878 1227 1944 diversis
1258 1877 1410 1944 Iohannis

305 1990 552 2079 Regiomontani
593 1990 709 2056 summi
741 1989 914 2055 astronomi
949 1989 1101 2078 operibus
1139 1991 1274 2073 locutus,
1309 2015 1408 2076 quum

299 2104 393 2167 etiam
428 2101 553 2189 pietatis
587 2100 782 2177 christianae,
819 2120 902 2185 quae
937 2099 971 2163 in
1001 2120 1040 2164 eo
1073 2100 1209 2188 perinde
1233 2125 1269 2166 no
1289 2111 1407 2188 postea

305 2213 337 2277 in
361 2210 553 2299 Oopernico,
577 2209 734 2297 Keplero,
764 2207 934 2272 Newtonio
957 2207 1110 2291 elucebat,
1144 2209 1342 2276 mentionem
1361 2211 1407 2275 fe-

303 2321 382 2387 cerit
404 2329 435 2386 et
456 2327 706 2386 consentaneum
731 2339 802 2383 esse
835 2317 998 2400 adiecerit,
1029 2318 1109 2383 tales
1130 2317 1228 2400 viros,
1258 2318 1313 2405 qui
1338 2311 1408 2386 ubi-

303 2453 365 2520 que
387 2430 524 2516 vestigia
547 2427 715 2494 divinitatis
734 2429 890 2515 impressa
911 2450 1023 2494 rerum
1044 2439 1176 2495 naturae
1196 2427 1336 2510 videant,
1357 2427 1408 2493 his

302 2540 489 2607 testimoniis
520 2539 615 2605 valde
647 2539 787 2604 moveri:
823 2561 935 2628 „nunc
969 2537 1080 2626 inquit,
1114 2538 1406 2625 Rogiomonlanum

303 2651 523 2728 existimemus
552 2649 586 2715 in
616 2649 686 2737 ipso
716 2650 790 2714 Deo
824 2669 956 2714 cernere
987 2647 1092 2714 ideam
1115 2648 1211 2714 totius
1240 2647 1353 2713 mundi
1376 2657 1409 2732 ct

303 2783 425 2842 causas,
450 2783 507 2824 cnr
529 2759 591 2825 hoc
610 2758 708 2824 modo
731 2757 836 2823 omnia
857 2757 982 2824 condita
1002 2757 1079 2822 sint“
1088 2758 1128 2845 ¹).

344 2870 436 2934 Dens
457 2868 526 2933 vult
548 2867 644 2932 huius
669 2867 769 2932 ultimi
794 2866 865 2932 finis
889 2865 1078 2932 celsitudine
1100 2865 1283 2953 praesentia
1301 2863 1406 2930 modia

302 2987 409 3044 nostra
430 2999 494 3042 non
521 2975 660 3063 deprimi
681 2974 740 3041 scd
759 2973 990 3061 resuscitor).
1042 2973 1146 3061 quue
1169 2998 1241 3040 oum
1263 2973 1303 3038 ad
1323 2974 1407 3061 phy-

303 3087 382 3154 sicas
404 3085 562 3178 doctrinas
585 3093 654 3149 tum
674 3084 715 3149 ad
736 3081 931 3170 theologiam
954 3083 1047 3166 valet,
1071 3105 1153 3170 quae
1174 3082 1249 3148 licet
1269 3083 1302 3146 in
1322 3081 1406 3146 altis-

301 3195 390 3263 simis
422 3194 583 3282 mysteriis
614 3185 917 3274 divinis'vcrsetur,
947 3191 1155 3258 nihilominus
1178 3191 1219 3256 ad
1242 3213 1280 3256 ea
1303 3189 1407 3276 expli-

307 3305 406 3370 canda
428 3326 540 3371 omnes
574 3304 733 3370 humanae
764 3301 880 3367 mentis
907 3301 994 3368 viros
1024 3301 1191 3366 intendere
1222 3300 1327 3366 debet.
1369 3299 1408 3364 Id

300 3423 336 3477 ut
358 3413 428 3479 fieri
449 3412 550 3502 possit
571 3411 711 3501 primum
737 3411 867 3498 quidem
891 3435 972 3501 opus
998 3419 1046 3476 est
1066 3410 1142 3492 fide,
1161 3431 1243 3496 quae
1265 3430 1406 3495 evange-

300 3521 344 3587 lio
368 3521 400 3586 in
424 3521 559 3588 ecclesia
580 3520 704 3588 sonanti
727 3524 926 3586 assentiatur.
980 3520 1063 3586 Nam
1084 3519 1106 3585 ii
1126 3529 1246 3586 tantum
1276 3519 1330 3605 qni
1351 3539 1402 3582 re·
1462 3535 1465 3542 ’

300 3631 517 3718 demptionem
548 3631 582 3695 in
604 3630 729 3697 Christo
755 3631 867 3696 factam
901 3629 1097 3711 desiderant,
1128 3637 1296 3717 quaerunt,
1319 3626 1402 3693 acci-

300 3737 402 3824 piunt,
427 3737 528 3825 qualis
552 3737 608 3802 illa
629 3737 668 3802 sit
689 3758 767 3802 vere
788 3737 931 3802 indicare
952 3744 1098 3825 possunt.
1150 3737 1260 3817 Quare
1280 3734 1401 3802 Melan-

305 3846 424 3912 chthon
443 3847 514 3911 vult
535 3867 662 3912 omnem
675 3846 864 3934 theologum
886 3855 1001 3912 testem
1022 3867 1105 3927 esse,
1126 3853 1240 3910 testem
1256 3844 1404 3908 nimirum

300 3978 423 4038 eorum,
449 3937 546 4042 qnae,⁴
564 3957 733 4022 adiuvante
754 3955 818 4021 Dei
841 3955 952 4043 gratia,
972 3955 1038 4021 fide
1060 3963 1155 4041 atque
1170 3955 1233 4021 vita
1249 3949 1404 4041 expertus

354 4181 872 4254 nmmumnfflm

354 4279 380 4349 a)
397 4279 449 4336 vn
468 4281 529 4335 529.
