3186 5090
727 339 748 405 9

186 523 329 588 atalibus
342 523 428 605 viris,
440 523 554 609 quibus
566 523 743 589 alacerrimi
757 523 874 609 quique
887 523 1063 590 litterarum
1076 524 1214 589 cultores
1228 523 1284 588 du·
1371 555 1374 564 .

185 631 274 697 cibus
293 632 474 712 utebantur,
493 631 668 698 immensae
701 631 853 698 materiae
877 633 1044 698 uberiores
1073 634 1162 698 velut
1189 632 1286 696 linea·

182 739 297 806 mentis
320 739 570 825 circumscriptas
590 739 756 826 imagines,
781 762 874 823 quam
893 739 1015 806 rariora
1034 741 1197 806 absolutae
1211 739 1285 806 artis

184 859 387 916 monumenta
404 850 550 915 exhiberi
564 850 745 916 maluerunt
755 850 921 935 aequales;
942 860 1051 916 nostra
1060 850 1214 916 memoria
1223 871 1285 936 quo

183 960 296 1046 plures
320 967 393 1024 sunt
415 958 468 1044 qui
501 980 618 1039 omnes¹
634 957 773 1024 cuiusvis
797 959 960 1024 doctrinae
982 967 1089 1045 partes
1110 958 1283 1044 tetigerint,

185 1091 223 1134 eo
243 1067 356 1138 iustius
382 1088 538 1132 novorum
559 1089 694 1154 operum
716 1076 861 1132 accurata
882 1067 988 1153 potius
1008 1067 1165 1153 perfectio
1191 1088 1284 1151 quam

184 1177 275 1261 larga
296 1174 505 1259 festinatoque
529 1174 643 1242 effusio
667 1174 861 1261 requirenda
880 1183 936 1240 est.

229 1283 381 1350 Ceterum
403 1283 629 1360 Melanchthon
652 1306 750 1368 quum
777 1307 834 1348 sua
866 1291 968 1348 aetate
988 1305 1110 1348 summa
1133 1284 1284 1368 eloquen-

184 1393 246 1458 tiae
268 1392 365 1457 laude
386 1392 531 1474 floreret,
559 1392 629 1478 ipse
660 1402 809 1478 quantum
839 1392 879 1458 ad
910 1413 980 1458 cam
1013 1393 1200 1458 merendam
1224 1392 1284 1459 sibi

185 1503 314 1567 deesset
336 1499 477 1586 ingenuo
500 1502 664 1586 professus
683 1511 740 1570 cst.
768 1499 843 1566 Non
860 1511 979 1566 tantum
1002 1501 1174 1568 orationem
1196 1525 1286 1568 suam

185 1619 364 1696 temporum
386 1609 613 1676 calamitatibus
634 1610 806 1676 tristiorem
822 1611 982 1695 quendam
998 1612 1121 1676 vultum
1142 1611 1285 1676 induisse

181 1720 293 1786 dicere
308 1718 418 1783 solitus
441 1727 498 1800 est,
521 1718 686 1785 sedetiam
707 1720 863 1806 agnoscit,
885 1741 939 1800 ,se
958 1719 1099 1784 divinam
1112 1719 1200 1784 illam
1219 1720 1284 1784 for·

184 1851 286 1910 mam,
309 1827 408 1913 qualis
435 1827 467 1892 in
491 1825 606 1892 Phidia
635 1828 741 1910 fuerit,
775 1827 933 1914 effingere
952 1850 1018 1892 non
1048 1849 1161 1914 posse,
1187 1851 1286 1912 quare

185 1937 280 2002 facile
301 1936 437 2023 patiatur
460 1959 496 2004 sc
525 1936 609 2004 inter
635 1937 859 2020 κοροπλάθους
876 1946 913 2002 ct
937 1937 1128 2002 minutorum
1151 1957 1285 2024 operum

188 2047 306 2132 figulos
335 2046 532 2112 numerari.“
586 2045 821 2112 Praefationem
854 2045 887 2110 iu
911 2048 1101 2132 opusculum
1123 2047 1285 2133 quoddam

186 2155 344 2222 Joachimi
369 2154 542 2222 Camerarii
571 2155 720 2242 scriptam
748 2155 798 2220 his
820 2155 927 2221 verbis
960 2155 1077 2222 additis
1101 2156 1283 2222 examinan-

187 2265 259 2331 dam
276 2265 384 2333 amicis
404 2265 514 2330 mittit=
546 2263 669 2346 ,Nemo
683 2273 792 2352 potest
811 2266 909 2329 multa
931 2264 1026 2329 simul
1046 2265 1163 2347 faeere,
1184 2265 1287 2350 inquit

186 2376 379 2462 Xenophon.
411 2375 448 2441 ld
471 2397 548 2440 vero
566 2375 713 2442 miseriae
734 2397 785 2440 me
808 2374 924 2440 docent
945 2395 1046 2439 meae.
1076 2373 1166 2438 Dum
1187 2376 1286 2442 multe

185 2486 281 2552 simul
302 2486 425 2569 scribe,
447 2506 490 2550 nc
513 2484 585 2552 lieri
609 2484 739 2570 quidem
760 2492 866 2571 potest
893 2491 928 2548 ut
953 2483 1082 2569 singula
1112 2484 1284 2550 absolvam.

184 2596 273 2660 Mitto
295 2595 525 2681 praefationem
547 2593 651 2660 subito
682 2595 847 2680 scriptam,
871 2594 912 2659 de
935 2616 996 2679 qua
1016 2602 1123 2658 vestro
1154 2594 1283 2660 arbitrio

184 2704 325 2770 statuetis
346 2727 423 2770 num
449 2703 489 2768 sit
516 2702 667 2768 addenda
688 2703 925 2790 elegantissimo
956 2702 1047 2788 operi
1072 2701 1230 2770 Joachimi
1253 2713 1285 2769 ct

184 2813 401 2880 nitidissimo.“
443 2812 485 2877 Et
511 2813 573 2878 alio
603 2814 674 2879 loco
706 2814 748 2879 de
777 2814 918 2901 epistolis
941 2813 1023 2878 suist
1062 2813 1282 2895 „Aristotelea

184 2923 302 3007 inquit,
326 2920 368 2986 ait
389 2918 444 2983 oda
467 2913 550 2984 εἶναι
572 2917 699 3005 φιλικόν
720 2921 813 2986 nimis
835 2932 981 2989 accurata
1001 2923 1143 2988 scribere
1167 2922 1282 3008 episto·

184 3032 242 3096 las.
284 3029 327 3094 Et
350 3051 463 3095 verum
485 3038 541 3094 est.
584 3028 653 3097 Sed
686 3038 791 3096 tamen
820 3053 884 3096 non
913 3032 1011 3098 laudo
1039 3032 1284 3120 negligentiam-

185 3139 238 3206 Me
258 3162 337 3205 vero
360 3138 580 3226 negligentius
604 3139 744 3205 scribere
769 3141 855 3226 cogit
881 3141 1068 3216 necessitas,
1093 3141 1167 3226 quia
1187 3163 1284 3228 saepe

185 3249 293 3313 multis
316 3248 431 3315 eodem
455 3257 600 3332 tempore
622 3248 755 3315 scribo.“
767 3248 792 3336 ¹)
816 3247 914 3328 Quod
936 3249 977 3313 ad
998 3270 1110 3314 versus
1127 3250 1194 3314 eius
1217 3249 1284 3314 atti·

188 3366 254 3439 net,
277 3357 386 3422 nescio
410 3355 549 3442 primum
573 3365 604 3422 ct
627 3356 726 3421 invito
748 3365 858 3423 autore
878 3356 1029 3422 collectos
1051 3365 1145 3442 atquc
1170 3356 1282 3440 editos,

185 3468 280 3532 etiam
300 3465 338 3530 iis
362 3465 569 3530 admiratores
591 3488 655 3530 non
675 3466 818 3532 defuero.
860 3465 912 3530 Ex
934 3466 983 3531 his
1007 3467 1172 3531 nominare
1194 3467 1281 3531 suffi-

186 3577 245 3643 ciat
268 3575 392 3642 Julium
415 3572 587 3640 Caesarem
615 3574 835 3661 scaligerum,
860 3577 913 3660 qui
936 3576 1189 3642 Melanchthonis
1219 3575 1283 3656 ,in-

187 3684 320 3771 genium
351 3705 504 3770 magnum
529 3691 561 3749 et
581 3685 622 3749 ad
657 3685 763 3750 omnia
791 3693 1004 3771 comparatum
1033 3706 1075 3748 ex
1099 3684 1287 3770 quibusdam

186 3794 255 3860 eius
277 3791 443 3880 poematiis
465 3779 622 3880 intelligis
653 3802 777 3875 censet,
800 3793 833 3856 in
854 3793 1091 3881 epigrammatis
1122 3792 1285 3872 „iucundi-

238 3962 264 4030 1)
284 3959 313 4013 C.
331 3959 365 4013 R.
383 3959 410 4012 11
428 3959 488 4014 925.
500 3957 551 4012 VH
561 3959 623 4014 564.
635 3959 674 4014 Vl
684 3957 745 4013 703.
762 3959 808 4012 Ex
816 3959 859 4012 his
872 3961 901 4012 ct
913 3975 948 4011 ex
959 3957 1109 4012 camerarii
1122 3955 1282 4012 testimonio

183 4075 267 4128 supra
288 4057 373 4111 allato
391 4055 556 4126 corrigenda
574 4061 647 4126 sunt,
665 4072 736 4126 quae
757 4056 985 4112 Brettschncider
1002 4057 1032 4110 in
1049 4056 1135 4126 prael.
1153 4056 1183 4110 in
1202 4055 1231 4110 Ο.
1249 4053 1284 4108 R·

183 4155 246 4224 (vol.
266 4154 288 4208 Ι.
304 4171 332 4223 p.
345 4153 457 4223 XXVII)
475 4152 557 4208 nuris
575 4156 608 4206 ut
626 4151 667 4207 ita
685 4152 776 4210 dicam
788 4152 944 4223 generatim
961 4153 995 4208 de
1012 4151 1235 4208 Melanchthonis
1252 4151 1284 4206 in

183 4249 330 4305 scribendo
349 4247 494 4320 diligentia
510 4246 663 4318 praedicat.
