3200 5088
800 363 843 430 62

272 555 378 614 tamen
401 546 578 635 legendum
601 553 633 614 et
654 547 915 634 cognoscendum
936 549 1051 616 fuisset
1068 549 1250 618 bominibus
1270 551 1373 616 doctis

272 658 447 724 aooessuris
469 659 510 722 ad
532 658 780 745 rempublicamt
789 661 828 746 ¹).

311 766 437 832 Iuvabit
463 765 689 832 llelanoblbon
719 765 812 832 etiam
846 765 879 830 in
904 788 971 846 eos,
1004 767 1071 852 qui,
1103 789 1201 852 quum
1230 767 1371 854 ipsarum

270 875 381 961 legum
404 875 620 942 Romanarum
641 874 869 961 praestantiam
892 897 958 940 non
973 884 1139 960 negarent,
1160 875 1371 962 interpretum

271 983 407 1065 labores,
429 984 505 1050 indo
527 1009 546 1050 a
567 983 707 1050 Lotban'i
729 985 932 1072 imperatoris
952 984 1151 1072 temporibus
1172 985 1205 1050 in
1227 985 1291 1050 illis
1313 1007 1369 1050 ex·

270 1094 427 1183 plioandis
450 1094 632 1174 oollooatos,
660 1095 752 1180 parvi
783 1095 997 1161 aestimabant
1048 1093 1108 1175 ,Ut
1129 1093 1295 1180 singulari,
1319 1093 1369 1158 in-

271 1203 348 1288 quit,
372 1202 435 1268 Dei
460 1202 615 1269 beneficio
637 1205 770 1270 arbitror
792 1212 867 1292 tuno
888 1203 1069 1270 restitutum
1093 1224 1165 1270 esse
1187 1203 1237 1268 ius
1255 1202 1368 1268 Roma-

270 1333 359 1392 num,
381 1311 422 1376 ita
443 1333 508 1376 non
539 1311 642 1398 potnit
665 1311 735 1377 fiori
765 1310 825 1377 nisi
850 1311 1010 1392 divinitus,
1032 1320 1068 1400 ut
1089 1311 1186 1378 simul
1213 1319 1258 1376 tot
1276 1332 1369 1397 prae·

270 1419 354 1484 olara
378 1420 509 1506 ingenia
526 1422 740 1500 exorirentur,
755 1442 837 1508 quae
855 1443 986 1508 operam
1003 1420 1206 1486 contulerunt
1224 1419 1266 1506 ad
1282 1419 1369 1484 illam

179 1525 184 1536 '
270 1538 413 1594 veterem
432 1529 606 1595 doctrinam
629 1530 858 1597 illustrandam.
894 1530 967 1611 Qua
988 1529 1020 1594 in
1040 1550 1077 1594 re
1097 1527 1125 1596 si
1149 1529 1219 1613 quis
1241 1532 1368 1613 cogitat,

271 1645 386 1725 quanta
414 1638 511 1704 fuerit
540 1637 708 1704 difficultas
735 1638 835 1721 initio,
860 1662 925 1704 non
954 1639 1073 1726 poterit
1101 1661 1167 1704 non
1186 1639 1369 1725 vituperare

271 1747 431 1813 stultitiam
453 1756 547 1834 atquo
575 1748 836 1835 ingratitudinem
863 1771 985 1829 eorum,
1008 1749 1063 1834 qui
1090 1749 1149 1816 hos
1168 1749 1369 1814 Heroulanos

270 1855 397 1921 labores
419 1879 483 1922 non
505 1857 768 1942 magnipendunt.
801 1858 902 1922 Vetus
925 1857 1125 1923 consuetudo
1146 1857 1207 1924 fori
1231 1881 1268 1922 ae
1288 1856 1370 1922 iudi-

271 1965 393 2030 ciorum
414 1967 630 2032 Romanorum
656 1968 760 2030 irrorat
781 1965 948 2051 antiquata,
972 1976 1061 2032 erant
1074 1967 1202 2052 ignotae
1218 1966 1367 2032 historiae

269 2084 409 2156 veteres,
431 2098 514 2161 quae
536 2086 568 2141 et
587 2077 676 2163 ipsae
698 2076 808 2142 lumen
828 2097 926 2164 saepo
948 2078 1087 2142 afferunt
1106 2076 1247 2163 legibus,
1260 2075 1371 2160 lingua

269 2193 362 2250 vetus
392 2194 540 2273 corrupta
567 2195 645 2252 erat.
688 2185 725 2250 In
747 2185 796 2250 his
827 2186 918 2250 tantis
939 2184 1175 2272 impedimentis
1197 2194 1303 2252 lanian
1323 2185 1390 2248 in-·

271 2292 359 2379 genti
382 2293 485 2359 animo
507 2294 649 2360 lrnerius
673 2304 704 2360 ot
724 2294 843 2361 deindo
865 2295 919 2362 alii
940 2304 1117 2383 coeperunt
1139 2296 1371 2360 oonlerretox-

270 2411 332 2484 tus,
363 2425 520 2489 quaerere
556 2404 745 2469 sententiam
778 2426 821 2469 ex
851 2405 930 2492 ipsis
962 2405 1107 2491 legibus,
1138 2404 1246 2472 ideam
1274 2404 1370 2468 totius

269 2511 467 2598 reipublicae
492 2512 596 2578 animo
625 2513 798 2580 informare
829 2521 860 2579 et
894 2512 983 2599 quasi
1011 2513 1184 2599 imaginem
1213 2514 1370 2599 quondam

270 2621 396 2708 imperii
418 2621 602 2688 restituere:
626 2622 667 2687 ita
692 2622 797 2710 coepit
815 2619 928 2708 lin‘gua
950 2633 1043 2689 vetus
1065 2622 1137 2688 fieri
1158 2620 1290 2690 notior-²
1332 2609 1400 2686 ΕΓ

271 2730 333 2796 alio
356 2731 426 2797 looo
447 2731 490 2796 do
511 2730 624 2796 lrnerii
649 2740 680 2796 et
702 2732 824 2797 Bartoli
855 2732 925 2797 vitis
955 2741 986 2797 et
1013 2731 1176 2798 laboribus
1200 2731 1303 2797 fusius
1324 2731 1371 2796 lo·

272 2848 380 2904 cutus:
399 2839 483 2921 ,lam
504 2840 651 2926 cogitate,
674 2840 776 2926 inquit
797 2841 930 2921 addens,
955 2840 1056 2927 qualis
1078 2863 1168 2906 error
1180 2839 1230 2921 sit,
1243 2848 1279 2905 ut
1293 2837 1372 2904 nibil

272 2947 382 3013 durius
405 2947 516 3028 dicam,
540 2957 642 3014 tantos
661 2949 756 3030 viros,
769 2949 811 3013 de
832 2957 898 3014 toto
920 2971 1042 3036 genere
1062 2949 1226 3014 hominum
1249 2947 1370 3034 optime

273 3057 416 3137 meritos,
438 3077 503 3122 non
525 3056 634 3142 magni
650 3057 756 3122 facere
772 3079 832 3122 noo
855 3080 966 3122 eornm
987 3058 1120 3123 virtutes
1143 3067 1174 3122 et
1193 3056 1309 3124 merita
1324 3055 1369 3120 in·

272 3163 432 3251 telligero.
487 3164 652 3230 Adhortor
679 3165 813 3230 iuvenes
841 3167 980 3253 primurn
1009 3176 1044 3231 ut
1064 3164 1294 3232 venerarivhos
1314 3166 1370 3230 be-

270 3273 376 3338 roioos
397 3273 482 3338 viros
505 3272 640 3353 disoant;
678 3274 795 3340 deinde
821 3284 857 3340 ut
886 3275 980 3340 avide
1003 3297 1115 3342 eorum
1141 3275 1284 3340 doctrina
1306 3274 1371 3340 frui

272 3381 435 3461 studeant3
469 3391 644 3468 postremo,
668 3392 704 3448 ut
731 3392 881 3468 quantum
905 3384 1041 3470 quisque
1072 3407 1132 3470 pro
1165 3383 1289 3470 ingenii
1320 3383 1369 3448 sui

272 3488 392 3556 viribus
426 3499 543 3578 potest,
574 3491 771 3577 diligentiam
810 3514 921 3558 eorum
954 3503 987 3575 ot
1022 3494 1223 3558 sedulitatem
1255 3491 1369 3558 imitari

273 3604 455 3664 conentur.“
508 3599 704 3674 Gravissima
724 3622 804 3666 vero
835 3623 971 3668 censura
1005 3602 1095 3688 digni
1127 3611 1201 3667 sunt
1222 3600 1369 3666 homines

273 3716 471 3793 arrogantes,
502 3707 573 3798 ,qui
594 3717 706 3795 putant
727 3710 821 3796 leges
844 3731 939 3795 posse
962 3709 1098 3796 intelligi
1120 3709 1189 3776 sine
1209 3731 1289 3774 roco
1312 3708 1368 3774 do-

274 3815 423 3897 oontium,
446 3815 514 3882 sine
543 3816 712 3883 collatione
742 3826 773 3882 et
796 3816 994 3884 eruditorum
1018 3841 1055 3883 ao
1081 3818 1257 3905 peritorum
1280 3838 1369 3882 onar-

273 3923 406 4006 rationo‚
428 3934 459 3990 et
479 3925 569 3990 lectis
590 3925 713 3994 duabus
735 3934 788 3992 aut
808 3926 909 3992 tribus
933 3925 1071 4012 pagellis
1091 3935 1123 3992 ot
1144 3926 1257 4014 emptis
1279 3949 1370 3992 vooo·

274 4032 405 4098 bulariis
438 4041 470 4100 et
503 4035 691 4121 repertoriis
727 4035 909 4100 existimant
940 4057 975 4100 se
1012 4057 1083 4102 esse
1117 4035 1368 4117 iurisconsultos,

277 4185 475 4196 ,ι--ι-ιι-

329 4252 489 4322 1)x1363.
508 4251 552 4316 79,
573 4252 634 4308 353.
653 4249 697 4320 (of.
714 4250 784 4320 363).
