3186 5090
703 365 803 440 51,

169 554 225 612 est
269 544 338 614 Sed
360 551 396 610 nt
421 544 550 612 scientia
572 545 640 612 cius
668 545 738 612 talis
761 546 883 628 evadat,
907 547 1034 634 qualem
1056 548 1089 612 in
1106 548 1156 614 his
1178 557 1214 614 ut
1237 550 1269 614 in

169 655 236 720 aliis
258 657 357 721 rebus
378 655 516 741 postulat
538 655 613 720 artis
643 655 870 741 doctrinaeque
891 657 992 723 forma
1024 680 1043 721 a
1065 657 1138 722 Deo
1160 658 1272 724 hnma-

172 785 232 830 nae
254 763 351 829 menti
373 763 475 844 insita,
496 764 625 830 accedat
648 785 780 830 necesse
804 774 852 830 est
873 765 1056 851 linguarum
1079 775 1112 830 et
1134 765 1275 832 dialecti-

170 895 225 938 ces
246 873 399 938 studium.
451 872 552 940 Sacra
580 874 736 960 scriptura
760 873 845 938 onim
873 875 985 942 alienis
1007 875 1127 962 linguis
1154 875 1273 964 scripta

172 990 229 1048 est.
273 981 452 1074 Translatio
473 1003 562 1064 vero,
584 983 707 1050 etiamsi
737 983 817 1048 felix
838 993 895 1065 est,
928 1006 1075 1072 ,semper
1096 983 1273 1070 aliquantu-

172 1092 240 1158 lum
265 1091 458 1178 degenerat‘
489 1101 520 1156 et
548 1113 674 1180 ,saepe,
696 1093 786 1156 utin
807 1093 930 1180 pictura
953 1115 1035 1180 quac
1055 1094 1185 1160 umbras
1207 1103 1273 1159 tan-

171 1208 239 1266 tum
260 1200 399 1266 imitatur
419 1221 601 1287 corporum,
627 1200 794 1266 obscurius
814 1201 923 1266 reddit
942 1202 1141 1266 sententias.“
1163 1201 1273 1284 Quare

172 1319 203 1376 et
235 1309 397 1376 lantherus
427 1311 574 1397 impenso
602 1310 635 1374 id
664 1309 829 1376 hominum
861 1310 972 1376 animis
992 1311 1169 1391 inculcavit,
1198 1333 1273 1398 per-

171 1418 352 1484 necessaria
374 1439 446 1483 esse
470 1418 622 1484 ecelesiae
646 1418 827 1504 linguarum
851 1419 1082 1506 cognitionem
1106 1418 1271 1506 quiquam

174 1549 283 1614 saepe,
306 1549 400 1612 quam
421 1526 561 1612 graviter
583 1526 624 1590 ad
645 1549 753 1592 earum
778 1527 917 1593 studium
938 1528 1082 1592 hortatus
1104 1526 1153 1606 sit,
1178 1549 1272 1611 quam

172 1637 340 1725 praeclaro
357 1637 509 1723 exemplo
530 1637 565 1702 in
587 1659 624 1701 ea
644 1659 681 1702 re
705 1637 819 1704 ceteris
840 1637 1024 1724 praeiverit,
1046 1637 1272 1704 Melanchthon

173 1747 269 1813 etiam
291 1748 403 1835 plnres
424 1769 524 1812 annos
538 1757 612 1834 post
627 1747 696 1812 eins
713 1748 881 1814 decessum
896 1749 1047 1834 aequales
1063 1747 1272 1834 admonuit¹).

174 1898 211 1908 —
235 1856 366 1921 Deinde
388 1865 440 1922 nt·
455 1855 597 1922 doctrina
628 1856 814 1942 evangelica
840 1856 901 1921 rite
926 1865 957 1920 et
979 1857 1133 1943 disposite
1162 1878 1275 1952 secun·

173 1965 252 2030 dum
274 1964 367 2051 leges
385 1964 526 2028 humano
547 1963 723 2030 intellectui
741 1988 759 2030 a
779 1965 852 2030 Deo
874 1963 989 2031 inditas
1014 1974 1201 2052 exponatur,
1219 1965 1273 2030 ad-

173 2073 306 2140 versarii
328 2073 396 2138 eius
425 2074 545 2159 quique
575 2095 645 2139 enm
677 2084 884 2164 corrumpunt
905 2083 1000 2161 atque
1023 2075 1203 2140 deformant
1224 2098 1274 2141 re-

107 2267 109 2270 ,
174 2184 326 2263 futentur,
357 2181 488 2268 ingenia
518 2182 743 2270 philosophiae
776 2182 943 2271 disciplina
974 2184 1151 2250 erudienda
1178 2193 1274 2270 atque

175 2291 379 2358 exercitanda
398 2299 480 2356 sunt.
530 2288 642 2376 Itaque
669 2291 842 2379 theologus
860 2291 974 2373 ,debet
995 2313 1068 2358 esse
1090 2293 1272 2379 grammati-

175 2424 242 2482 cus,
268 2399 462 2481 dialecticus,
484 2399 599 2464 testis.“

215 2510 304 2576 Haec
313 2518 418 2574 tamen
428 2530 469 2574 ne
481 2509 552 2594 quis
564 2509 606 2574 ita
617 2510 854 2598 interpretetur,
867 2510 955 2596 quasi
969 2510 1139 2576 studiaista
1148 2509 1275 2596 lingua·

176 2643 249 2684 rum
272 2627 367 2703 atque
388 2617 610 2707 philosophiae
638 2619 764 2684 nonnisi
788 2629 924 2707 propter
946 2642 1041 2684 usum
1063 2619 1155 2684 illum
1176 2641 1274 2707 pecu-

174 2729 286 2792 liarem
319 2726 506 2792 honoranda
536 2728 711 2814 magnique
744 2727 887 2792 facienda
924 2737 1039 2794 essent.
1095 2726 1188 2809 Quae
1221 2726 1276 2792 ubi

176 2836 230 2900 tali
258 2835 366 2900 iudicii
398 2835 544 2920 angustia
573 2835 823 2917 considerantur,
852 2859 929 2901 mox
958 2858 1101 2922 prorsus·
1125 2834 1276 2923 despecta

178 2945 326 3012 iacebunt
348 2954 379 3010 et
401 2943 525 3010 fanatici
548 2944 666 3010 timoris
691 2945 806 3010 cedent
827 2937 1003 3012 barbariae.
1047 2943 1097 3009 Ex
1121 2943 1170 3026 iis,
1196 2964 1277 3029 quae

180 3052 470 3118 eltlelanchthonis
491 3053 647 3119 sententia
674 3076 771 3140 supra
803 3051 884 3117 dicta
914 3062 997 3134 sunt,
1030 3052 1103 3116 satis
1133 3061 1277 3139 apparet,

178 3162 361 3227 universam
378 3160 491 3226 mentis
512 3161 669 3226 humanae
691 3161 845 3226 culturam
869 3169 964 3246 atque
985 3159 1198 3225 eruditionem
1220 3161 1275 3224 bo·

178 3293 262 3350 nam,
285 3269 510 3351 neeessariam,
533 3269 680 3334 divinitus
701 3269 794 3334 nobis
817 3269 955 3334 delatam
976 3289 1056 3334 esse.
1086 3268 1177 3332 Haec
1199 3288 1278 3332 vero

178 3389 215 3444 nt
236 3379 304 3444 sine
326 3379 487 3464 religione
520 3378 677 3446 exsistere
699 3401 764 3444 non
793 3387 899 3465 potest
928 3399 1035 3463 neque
1058 3377 1176 3463 religio
1196 3375 1280 3440 inter

180 3496 295 3574 gentes
329 3487 371 3551 ad
403 3496 520 3576 certam
550 3488 638 3572 quasi
674 3488 782 3552 aetatis
814 3486 1026 3551 maturitatem
1060 3483 1183 3549 adultas
1212 3483 1280 3548 sine

179 3597 353 3682 theologia,
383 3577 594 3662 ita'vicissim
624 3594 788 3682 theologia
812 3595 968 3661 exsistere
996 3617 1062 3660 non
1083 3603 1190 3679 potest
1210 3593 1280 3658 sinc
1345 3598 1352 3606 ”

179 3708 330 3772 universa
352 3708 407 3772 illa
430 3708 543 3774 mentis
568 3708 692 3774 cultura
714 3715 808 3792 atque
831 3704 1020 3774 eruditione.
1075 3702 1129 3768 Ad
1147 3701 1182 3765 id
1203 3723 1278 3795 pro:

183 3815 322 3882 bandum
344 3815 569 3882 Melanchthon
600 3825 666 3881 tum
696 3817 736 3880 ad
769 3815 927 3879 saniorem
960 3834 1089 3877 sensum
1119 3818 1280 3900 provocat,

181 3947 244 4012 quc
265 3924 443 4013 percipitur
465 3935 615 4011 qnantum
640 3949 658 3990 a
680 3941 764 3989 vera
786 3923 904 4012 pietate
929 3921 1097 3988 abhorreat
1118 3918 1283 3985 barbarica

179 4037 338 4100 bonorum
372 4034 550 4100 studiorum
586 4033 796 4120 contemptio,
831 4039 898 4098 turn
933 4030 974 4094 ad
1004 4021 1097 4094 ¹illam
1140 4027 1282 4094 omnium

235 4247 261 4317 1)
279 4247 318 4301 XI
336 4248 397 4303 710.
418 4245 478 4304 739.
498 4245 541 4318 (cf.
561 4245 631 4315 231.)
649 4246 711 4299 866.
