<?xml version="1.0" encoding="UTF-8"?>
<!DOCTYPE html PUBLIC "-//W3C//DTD XHTML 1.0 Transitional//EN"
    "http://www.w3.org/TR/xhtml1/DTD/xhtml1-transitional.dtd">
<html xmlns="http://www.w3.org/1999/xhtml" xml:lang="en" lang="en">
 <head>
  <title>
</title>
<meta http-equiv="Content-Type" content="text/html;charset=utf-8" />
  <meta name='ocr-system' content='tesseract 3.04.00' />
  <meta name='ocr-capabilities' content='ocr_page ocr_carea ocr_par ocr_line ocrx_word'/>
</head>
<body>
  <div class='ocr_page' id='page_1' title='image "./dephilippomelan00schlgoog_0025.png"; bbox 0 0 3186 5090; ppageno 0'>
   <div class='ocr_carea' id='block_1_1' title="bbox 715 388 753 452">
    <p class='ocr_par' dir='ltr' id='par_1_1' title="bbox 715 388 753 452">
     <span class='ocr_line' id='line_1_1' title="bbox 715 388 753 452; baseline 0.053 -2"><span class='ocrx_word' id='word_1_1' title='bbox 715 388 753 452; x_wconf 83' lang='grc'>11</span> 
     </span>
    </p>
   </div>
   <div class='ocr_carea' id='block_1_2' title="bbox 175 565 1295 4454">
    <p class='ocr_par' dir='ltr' id='par_1_2' title="bbox 175 565 1286 2733">
     <span class='ocr_line' id='line_1_2' title="bbox 175 565 1277 661; baseline -0.008 -22"><span class='ocrx_word' id='word_1_2' title='bbox 175 583 211 639; x_wconf 89' lang='grc'>11</span> <span class='ocrx_word' id='word_1_3' title='bbox 235 573 468 661; x_wconf 89' lang='lat' dir='ltr'>amplificentur</span> <span class='ocrx_word' id='word_1_4' title='bbox 497 593 552 638; x_wconf 88' lang='lat' dir='ltr'>res</span> <span class='ocrx_word' id='word_1_5' title='bbox 573 590 727 656; x_wconf 89' lang='lat' dir='ltr'>magnae,</span> <span class='ocrx_word' id='word_1_6' title='bbox 751 577 782 634; x_wconf 92' lang='lat' dir='ltr'>et</span> <span class='ocrx_word' id='word_1_7' title='bbox 807 568 974 634; x_wconf 78' lang='lat' dir='ltr'>eleventur</span> <span class='ocrx_word' id='word_1_8' title='bbox 1006 589 1043 632; x_wconf 88' lang='lat' dir='ltr'>ea</span> <span class='ocrx_word' id='word_1_9' title='bbox 1076 587 1157 651; x_wconf 90' lang='lat' dir='ltr'>quae</span> <span class='ocrx_word' id='word_1_10' title='bbox 1186 565 1277 632; x_wconf 90' lang='lat' dir='ltr'>abiici</span> 
     </span>
     <span class='ocr_line' id='line_1_3' title="bbox 177 674 1277 771; baseline -0.01 -22"><span class='ocrx_word' id='word_1_11' title='bbox 177 684 289 771; x_wconf 85' lang='lat' dir='ltr'>prosit.</span> <span class='ocrx_word' id='word_1_12' title='bbox 326 674 547 768; x_wconf 82' lang='lat' dir='ltr'>Interrogasse</span> <span class='ocrx_word' id='word_1_13' title='bbox 571 681 691 761; x_wconf 89' lang='lat' dir='ltr'>Picum,</span> <span class='ocrx_word' id='word_1_14' title='bbox 711 679 799 765; x_wconf 90' lang='lat' dir='ltr'>,quis</span> <span class='ocrx_word' id='word_1_15' title='bbox 823 677 996 758; x_wconf 86' lang='lat' dir='ltr'><strong>cincinnos,</strong></span> <span class='ocrx_word' id='word_1_16' title='bbox 1022 677 1092 763; x_wconf 92' lang='lat' dir='ltr'>quis</span> <span class='ocrx_word' id='word_1_17' title='bbox 1114 677 1224 742; x_wconf 86' lang='lat' dir='ltr'>fucum</span> <span class='ocrx_word' id='word_1_18' title='bbox 1245 675 1277 739; x_wconf 92' lang='lat' dir='ltr'>in</span> 
     </span>
     <span class='ocr_line' id='line_1_4' title="bbox 178 787 1279 880; baseline -0.005 -22"><span class='ocrx_word' id='word_1_19' title='bbox 178 795 280 880; x_wconf 89' lang='lat' dir='ltr'>proba</span> <span class='ocrx_word' id='word_1_20' title='bbox 302 792 427 880; x_wconf 90' lang='lat' dir='ltr'>virgine</span> <span class='ocrx_word' id='word_1_21' title='bbox 449 813 515 856; x_wconf 91' lang='lat' dir='ltr'>non</span> <span class='ocrx_word' id='word_1_22' title='bbox 538 790 677 872; x_wconf 89' lang='lat' dir='ltr'>damnet,</span> <span class='ocrx_word' id='word_1_23' title='bbox 701 791 770 877; x_wconf 91' lang='lat' dir='ltr'>quis</span> <span class='ocrx_word' id='word_1_24' title='bbox 793 790 826 855; x_wconf 91' lang='lat' dir='ltr'>in</span> <span class='ocrx_word' id='word_1_25' title='bbox 847 790 959 855; x_wconf 88' lang='lat' dir='ltr'>vestali</span> <span class='ocrx_word' id='word_1_26' title='bbox 977 813 1041 854; x_wconf 90' lang='lat' dir='ltr'>non</span> <span class='ocrx_word' id='word_1_27' title='bbox 1061 787 1279 854; x_wconf 80' lang='lat' dir='ltr'>detestetur?“</span> 
     </span>
     <span class='ocr_line' id='line_1_5' title="bbox 178 895 1280 987; baseline -0.006 -19"><span class='ocrx_word' id='word_1_28' title='bbox 178 899 248 968; x_wconf 84' lang='lat' dir='ltr'>Sed</span> <span class='ocrx_word' id='word_1_29' title='bbox 279 923 384 987; x_wconf 90' lang='lat' dir='ltr'>neque</span> <span class='ocrx_word' id='word_1_30' title='bbox 414 911 647 966; x_wconf 84' lang='lat' dir='ltr'><strong>monstruosam</strong></span> <span class='ocrx_word' id='word_1_31' title='bbox 675 900 786 964; x_wconf 89' lang='lat' dir='ltr'>faciem</span> <span class='ocrx_word' id='word_1_32' title='bbox 820 898 937 965; x_wconf 80' lang='lat' dir='ltr'>decere</span> <span class='ocrx_word' id='word_1_33' title='bbox 967 898 1137 985; x_wconf 88' lang='lat' dir='ltr'>virginem.</span> <span class='ocrx_word' id='word_1_34' title='bbox 1191 895 1280 979; x_wconf 80' lang='lat' dir='ltr'>Quid</span> 
     </span>
     <span class='ocr_line' id='line_1_6' title="bbox 178 1005 1283 1080; baseline -0.005 -6"><span class='ocrx_word' id='word_1_35' title='bbox 178 1032 258 1076; x_wconf 91' lang='lat' dir='ltr'>vero</span> <span class='ocrx_word' id='word_1_36' title='bbox 278 1013 486 1080; x_wconf 90' lang='lat' dir='ltr'>barbarorum</span> <span class='ocrx_word' id='word_1_37' title='bbox 521 1011 662 1077; x_wconf 88' lang='lat' dir='ltr'>oratione</span> <span class='ocrx_word' id='word_1_38' title='bbox 693 1008 934 1075; x_wconf 81' lang='lat' dir='ltr'>montruosius?</span> <span class='ocrx_word' id='word_1_39' title='bbox 969 1008 1145 1074; x_wconf 83' lang='lat' dir='ltr'>Nemeam</span> <span class='ocrx_word' id='word_1_40' title='bbox 1170 1005 1283 1072; x_wconf 90' lang='lat' dir='ltr'>oratio-</span> 
     </span>
     <span class='ocr_line' id='line_1_7' title="bbox 179 1118 1282 1208; baseline -0.003 -24"><span class='ocrx_word' id='word_1_41' title='bbox 179 1143 272 1201; x_wconf 87' lang='lat' dir='ltr'>nem,</span> <span class='ocrx_word' id='word_1_42' title='bbox 306 1141 388 1206; x_wconf 91' lang='lat' dir='ltr'>quae</span> <span class='ocrx_word' id='word_1_43' title='bbox 416 1121 456 1186; x_wconf 86' lang='lat' dir='ltr'>sit</span> <span class='ocrx_word' id='word_1_44' title='bbox 485 1121 620 1208; x_wconf 89' lang='lat' dir='ltr'>optima,</span> <span class='ocrx_word' id='word_1_45' title='bbox 653 1119 791 1184; x_wconf 87' lang='lat' dir='ltr'>nativum</span> <span class='ocrx_word' id='word_1_46' title='bbox 823 1118 998 1184; x_wconf 89' lang='lat' dir='ltr'>sententiae</span> <span class='ocrx_word' id='word_1_47' title='bbox 1029 1119 1169 1182; x_wconf 88' lang='lat' dir='ltr'>colorem</span> <span class='ocrx_word' id='word_1_48' title='bbox 1201 1137 1282 1182; x_wconf 89' lang='lat' dir='ltr'>esse.</span> 
     </span>
     <span class='ocr_line' id='line_1_8' title="bbox 179 1229 1280 1318; baseline -0.005 -21"><span class='ocrx_word' id='word_1_49' title='bbox 179 1231 306 1312; x_wconf 89' lang='lat' dir='ltr'>Aliena,</span> <span class='ocrx_word' id='word_1_50' title='bbox 331 1232 463 1296; x_wconf 85' lang='lat' dir='ltr'>confusa</span> <span class='ocrx_word' id='word_1_51' title='bbox 496 1240 527 1295; x_wconf 96' lang='lat' dir='ltr'>et</span> <span class='ocrx_word' id='word_1_52' title='bbox 558 1232 742 1318; x_wconf 88' lang='lat' dir='ltr'>perturbata</span> <span class='ocrx_word' id='word_1_53' title='bbox 771 1231 913 1296; x_wconf 88' lang='lat' dir='ltr'>oratione</span> <span class='ocrx_word' id='word_1_54' title='bbox 944 1229 1118 1294; x_wconf 88' lang='lat' dir='ltr'>deformari</span> <span class='ocrx_word' id='word_1_55' title='bbox 1150 1237 1182 1293; x_wconf 91' lang='lat' dir='ltr'>et</span> <span class='ocrx_word' id='word_1_56' title='bbox 1213 1251 1280 1292; x_wconf 90' lang='lat' dir='ltr'>ccr-</span> 
     </span>
     <span class='ocr_line' id='line_1_9' title="bbox 178 1337 1281 1428; baseline -0.004 -21"><span class='ocrx_word' id='word_1_57' title='bbox 178 1341 285 1428; x_wconf 85' lang='lat' dir='ltr'>rumpi</span> <span class='ocrx_word' id='word_1_58' title='bbox 305 1341 489 1423; x_wconf 89' lang='lat' dir='ltr'>sententias,</span> <span class='ocrx_word' id='word_1_59' title='bbox 512 1363 547 1406; x_wconf 91' lang='lat' dir='ltr'>ao</span> <span class='ocrx_word' id='word_1_60' title='bbox 568 1363 611 1406; x_wconf 92' lang='lat' dir='ltr'>ne</span> <span class='ocrx_word' id='word_1_61' title='bbox 634 1340 744 1427; x_wconf 89' lang='lat' dir='ltr'>effingi</span> <span class='ocrx_word' id='word_1_62' title='bbox 768 1340 907 1427; x_wconf 88' lang='lat' dir='ltr'>quidem.</span> <span class='ocrx_word' id='word_1_63' title='bbox 923 1377 959 1388; x_wconf 85' lang='lat'>-</span> <span class='ocrx_word' id='word_1_64' title='bbox 974 1337 1043 1407; x_wconf 82' lang='lat' dir='ltr'>Sub</span> <span class='ocrx_word' id='word_1_65' title='bbox 1066 1339 1162 1404; x_wconf 88' lang='lat' dir='ltr'>finem</span> <span class='ocrx_word' id='word_1_66' title='bbox 1186 1337 1281 1403; x_wconf 91' lang='lat' dir='ltr'>huius</span> 
     </span>
     <span class='ocr_line' id='line_1_10' title="bbox 180 1448 1282 1536; baseline -0.003 -21"><span class='ocrx_word' id='word_1_67' title='bbox 180 1449 398 1536; x_wconf 89' lang='lat' dir='ltr'>lepidissimae</span> <span class='ocrx_word' id='word_1_68' title='bbox 416 1449 699 1530; x_wconf 81' lang='lat' dir='ltr'>commentationis,</span> <span class='ocrx_word' id='word_1_69' title='bbox 719 1471 761 1513; x_wconf 86' lang='lat' dir='ltr'>ex</span> <span class='ocrx_word' id='word_1_70' title='bbox 777 1471 837 1534; x_wconf 89' lang='lat' dir='ltr'>qua</span> <span class='ocrx_word' id='word_1_71' title='bbox 850 1471 952 1534; x_wconf 87' lang='lat' dir='ltr'>pauca</span> <span class='ocrx_word' id='word_1_72' title='bbox 967 1456 1085 1512; x_wconf 88' lang='lat' dir='ltr'>tantum</span> <span class='ocrx_word' id='word_1_73' title='bbox 1100 1448 1152 1512; x_wconf 94' lang='lat' dir='ltr'>hic</span> <span class='ocrx_word' id='word_1_74' title='bbox 1167 1449 1282 1513; x_wconf 86' lang='lat' dir='ltr'>afferre</span> 
     </span>
     <span class='ocr_line' id='line_1_11' title="bbox 181 1556 1280 1645; baseline -0.003 -22"><span class='ocrx_word' id='word_1_75' title='bbox 181 1558 353 1645; x_wconf 89' lang='lat' dir='ltr'>potuimus,</span> <span class='ocrx_word' id='word_1_76' title='bbox 379 1567 510 1634; x_wconf 86' lang='lat' dir='ltr'>excusat</span> <span class='ocrx_word' id='word_1_77' title='bbox 531 1579 575 1640; x_wconf 91' lang='lat' dir='ltr'>se,</span> <span class='ocrx_word' id='word_1_78' title='bbox 601 1557 686 1643; x_wconf 92' lang='lat' dir='ltr'>quod</span> <span class='ocrx_word' id='word_1_79' title='bbox 706 1557 928 1623; x_wconf 70' lang='lat' dir='ltr'>vehementior</span> <span class='ocrx_word' id='word_1_80' title='bbox 950 1556 1064 1622; x_wconf 89' lang='lat' dir='ltr'>alicubi</span> <span class='ocrx_word' id='word_1_81' title='bbox 1087 1557 1280 1643; x_wconf 72' lang='grc'><strong>1111111111-</strong></span> 
     </span>
     <span class='ocr_line' id='line_1_12' title="bbox 182 1665 1281 1752; baseline 0.001 -24"><span class='ocrx_word' id='word_1_82' title='bbox 182 1665 390 1732; x_wconf 88' lang='lat' dir='ltr'>tinacissimos</span> <span class='ocrx_word' id='word_1_83' title='bbox 414 1666 568 1752; x_wconf 89' lang='lat' dir='ltr'>quosdam</span> <span class='ocrx_word' id='word_1_84' title='bbox 592 1666 763 1732; x_wconf 90' lang='lat' dir='ltr'>meliorum</span> <span class='ocrx_word' id='word_1_85' title='bbox 794 1666 970 1730; x_wconf 90' lang='lat' dir='ltr'>studiorum</span> <span class='ocrx_word' id='word_1_86' title='bbox 994 1665 1194 1731; x_wconf 89' lang='lat' dir='ltr'>adversarios</span> <span class='ocrx_word' id='word_1_87' title='bbox 1217 1665 1281 1730; x_wconf 91' lang='lat' dir='ltr'>ani-</span> 
     </span>
     <span class='ocr_line' id='line_1_13' title="bbox 182 1775 1283 1864; baseline -0.001 -22"><span class='ocrx_word' id='word_1_88' title='bbox 182 1799 234 1842; x_wconf 91' lang='lat' dir='ltr'>mo</span> <span class='ocrx_word' id='word_1_89' title='bbox 256 1775 401 1856; x_wconf 88' lang='lat' dir='ltr'>intuens,</span> <span class='ocrx_word' id='word_1_90' title='bbox 429 1775 616 1862; x_wconf 87' lang='lat' dir='ltr'>quibuscum</span> <span class='ocrx_word' id='word_1_91' title='bbox 640 1776 766 1841; x_wconf 88' lang='lat' dir='ltr'>sciverit</span> <span class='ocrx_word' id='word_1_92' title='bbox 789 1776 847 1840; x_wconf 87' lang='lat' dir='ltr'>sibi</span> <span class='ocrx_word' id='word_1_93' title='bbox 869 1775 977 1841; x_wconf 90' lang='lat' dir='ltr'>verius</span> <span class='ocrx_word' id='word_1_94' title='bbox 1000 1799 1094 1862; x_wconf 88' lang='lat' dir='ltr'>quam</span> <span class='ocrx_word' id='word_1_95' title='bbox 1117 1799 1189 1841; x_wconf 93' lang='lat' dir='ltr'>cum</span> <span class='ocrx_word' id='word_1_96' title='bbox 1212 1777 1283 1864; x_wconf 90' lang='lat' dir='ltr'>ipso</span> 
     </span>
     <span class='ocr_line' id='line_1_14' title="bbox 181 1885 1282 1973; baseline 0.003 -25"><span class='ocrx_word' id='word_1_97' title='bbox 181 1885 257 1950; x_wconf 90' lang='lat' dir='ltr'>Pico</span> <span class='ocrx_word' id='word_1_98' title='bbox 281 1895 441 1950; x_wconf 87' lang='lat' dir='ltr'>certamen</span> <span class='ocrx_word' id='word_1_99' title='bbox 472 1907 551 1951; x_wconf 88' lang='lat' dir='ltr'>esse.</span> <span class='ocrx_word' id='word_1_100' title='bbox 595 1886 691 1950; x_wconf 92' lang='lat' dir='ltr'>Hunc</span> <span class='ocrx_word' id='word_1_101' title='bbox 720 1886 859 1972; x_wconf 91' lang='lat' dir='ltr'>denique</span> <span class='ocrx_word' id='word_1_102' title='bbox 887 1886 1068 1973; x_wconf 88' lang='lat' dir='ltr'>alloquens:</span> <span class='ocrx_word' id='word_1_103' title='bbox 1104 1885 1282 1968; x_wconf 83' lang='lat' dir='ltr'>,Stesicho-</span> 
     </span>
     <span class='ocr_line' id='line_1_15' title="bbox 183 1995 1285 2082; baseline 0.001 -23"><span class='ocrx_word' id='word_1_104' title='bbox 183 2018 266 2076; x_wconf 88' lang='lat' dir='ltr'>rum,</span> <span class='ocrx_word' id='word_1_105' title='bbox 290 1995 402 2079; x_wconf 89' lang='lat' dir='ltr'>inquit,</span> <span class='ocrx_word' id='word_1_106' title='bbox 421 1997 538 2075; x_wconf 84' lang='lat' dir='ltr'>ferunt,</span> <span class='ocrx_word' id='word_1_107' title='bbox 562 2016 659 2079; x_wconf 89' lang='lat' dir='ltr'>quum</span> <span class='ocrx_word' id='word_1_108' title='bbox 676 1995 823 2060; x_wconf 86' lang='lat' dir='ltr'>Helenae</span> <span class='ocrx_word' id='word_1_109' title='bbox 846 1997 978 2059; x_wconf 84' lang='lat' dir='ltr'>formam</span> <span class='ocrx_word' id='word_1_110' title='bbox 994 1996 1216 2082; x_wconf 82' lang='lat' dir='ltr'>vituperasset,</span> <span class='ocrx_word' id='word_1_111' title='bbox 1237 2017 1285 2060; x_wconf 88' lang='lat' dir='ltr'>er-</span> 
     </span>
     <span class='ocr_line' id='line_1_16' title="bbox 184 2097 1283 2192; baseline 0 -24"><span class='ocrx_word' id='word_1_112' title='bbox 184 2102 270 2169; x_wconf 86' lang='lat' dir='ltr'>roris</span> <span class='ocrx_word' id='word_1_113' title='bbox 291 2125 429 2190; x_wconf 87' lang='lat' dir='ltr'>poenam</span> <span class='ocrx_word' id='word_1_114' title='bbox 450 2104 602 2168; x_wconf 88' lang='lat' dir='ltr'>coecitate</span> <span class='ocrx_word' id='word_1_115' title='bbox 624 2103 763 2187; x_wconf 88' lang='lat' dir='ltr'>dedisse,</span> <span class='ocrx_word' id='word_1_116' title='bbox 783 2113 959 2191; x_wconf 90' lang='lat' dir='ltr'>posteaque</span> <span class='ocrx_word' id='word_1_117' title='bbox 976 2097 1074 2190; x_wconf 88' lang='lat' dir='ltr'>quum</span> <span class='ocrx_word' id='word_1_118' title='bbox 1088 2104 1283 2192; x_wconf 86' lang='lat' dir='ltr'>palinodiam</span> 
     </span>
     <span class='ocr_line' id='line_1_17' title="bbox 187 2212 1284 2300; baseline 0.002 -24"><span class='ocrx_word' id='word_1_119' title='bbox 187 2221 324 2294; x_wconf 89' lang='lat' dir='ltr'>caneret,</span> <span class='ocrx_word' id='word_1_120' title='bbox 350 2212 459 2278; x_wconf 89' lang='lat' dir='ltr'>oculos</span> <span class='ocrx_word' id='word_1_121' title='bbox 483 2214 657 2300; x_wconf 90' lang='lat' dir='ltr'>recepisse,</span> <span class='ocrx_word' id='word_1_122' title='bbox 680 2213 722 2278; x_wconf 90' lang='lat' dir='ltr'>ita</span> <span class='ocrx_word' id='word_1_123' title='bbox 742 2223 774 2278; x_wconf 89' lang='lat' dir='ltr'>te</span> <span class='ocrx_word' id='word_1_124' title='bbox 797 2235 925 2300; x_wconf 91' lang='lat' dir='ltr'>quoque</span> <span class='ocrx_word' id='word_1_125' title='bbox 942 2214 1015 2278; x_wconf 88' lang='lat' dir='ltr'>Deo</span> <span class='ocrx_word' id='word_1_126' title='bbox 1039 2222 1165 2299; x_wconf 87' lang='lat' dir='ltr'>gratum</span> <span class='ocrx_word' id='word_1_127' title='bbox 1188 2215 1284 2279; x_wconf 83' lang='lat' dir='ltr'>lactu-</span> 
     </span>
     <span class='ocr_line' id='line_1_18' title="bbox 187 2322 1286 2408; baseline 0.003 -23"><span class='ocrx_word' id='word_1_128' title='bbox 187 2344 257 2387; x_wconf 89' lang='lat' dir='ltr'>rum</span> <span class='ocrx_word' id='word_1_129' title='bbox 279 2329 407 2402; x_wconf 88' lang='lat' dir='ltr'>statues,</span> <span class='ocrx_word' id='word_1_130' title='bbox 431 2322 457 2386; x_wconf 89' lang='lat' dir='ltr'>si</span> <span class='ocrx_word' id='word_1_131' title='bbox 478 2322 692 2408; x_wconf 88' lang='lat' dir='ltr'>eloquentiam</span> <span class='ocrx_word' id='word_1_132' title='bbox 719 2322 810 2387; x_wconf 93' lang='lat' dir='ltr'>coelo</span> <span class='ocrx_word' id='word_1_133' title='bbox 828 2323 974 2387; x_wconf 84' lang='lat' dir='ltr'>donatam</span> <span class='ocrx_word' id='word_1_134' title='bbox 990 2322 1180 2403; x_wconf 88' lang='lat' dir='ltr'>hominibus,</span> <span class='ocrx_word' id='word_1_135' title='bbox 1196 2323 1286 2388; x_wconf 87' lang='lat' dir='ltr'>cuius</span> 
     </span>
     <span class='ocr_line' id='line_1_19' title="bbox 185 2430 1285 2518; baseline 0 -24"><span class='ocrx_word' id='word_1_136' title='bbox 185 2430 371 2517; x_wconf 88' lang='lat' dir='ltr'>dignitatem</span> <span class='ocrx_word' id='word_1_137' title='bbox 395 2431 488 2518; x_wconf 88' lang='lat' dir='ltr'>prior</span> <span class='ocrx_word' id='word_1_138' title='bbox 510 2431 645 2518; x_wconf 88' lang='lat' dir='ltr'>epistola</span> <span class='ocrx_word' id='word_1_139' title='bbox 667 2439 827 2513; x_wconf 87' lang='lat' dir='ltr'>extenuat,</span> <span class='ocrx_word' id='word_1_140' title='bbox 849 2455 961 2497; x_wconf 86' lang='lat' dir='ltr'>rursus</span> <span class='ocrx_word' id='word_1_141' title='bbox 984 2453 1079 2496; x_wconf 91' lang='lat' dir='ltr'>ornes</span> <span class='ocrx_word' id='word_1_142' title='bbox 1105 2455 1141 2496; x_wconf 91' lang='lat' dir='ltr'>ac</span> <span class='ocrx_word' id='word_1_143' title='bbox 1162 2431 1285 2496; x_wconf 90' lang='lat' dir='ltr'>laudes.</span> 
     </span>
     <span class='ocr_line' id='line_1_20' title="bbox 181 2537 1285 2627; baseline 0.002 -25"><span class='ocrx_word' id='word_1_144' title='bbox 181 2537 221 2602; x_wconf 93' lang='lat' dir='ltr'>Id</span> <span class='ocrx_word' id='word_1_145' title='bbox 245 2548 469 2624; x_wconf 80' lang='lat' dir='ltr'>argumentum</span> <span class='ocrx_word' id='word_1_146' title='bbox 502 2548 554 2603; x_wconf 88' lang='lat' dir='ltr'>tua</span> <span class='ocrx_word' id='word_1_147' title='bbox 585 2548 616 2604; x_wconf 89' lang='lat' dir='ltr'>et</span> <span class='ocrx_word' id='word_1_148' title='bbox 641 2561 780 2627; x_wconf 90' lang='lat' dir='ltr'>persona</span> <span class='ocrx_word' id='word_1_149' title='bbox 811 2549 842 2605; x_wconf 91' lang='lat' dir='ltr'>et</span> <span class='ocrx_word' id='word_1_150' title='bbox 871 2540 1018 2623; x_wconf 86' lang='lat' dir='ltr'>facultate</span> <span class='ocrx_word' id='word_1_151' title='bbox 1054 2539 1208 2627; x_wconf 86' lang='lat' dir='ltr'>copiaque</span> <span class='ocrx_word' id='word_1_152' title='bbox 1240 2540 1285 2604; x_wconf 92' lang='lat' dir='ltr'>di·</span> 
     </span>
     <span class='ocr_line' id='line_1_21' title="bbox 186 2648 436 2733; baseline 0.004 -22"><span class='ocrx_word' id='word_1_153' title='bbox 186 2669 287 2733; x_wconf 91' lang='lat' dir='ltr'>gnum</span> <span class='ocrx_word' id='word_1_154' title='bbox 311 2648 436 2714; x_wconf 82' lang='lat' dir='ltr'>fuerit.“</span> 
     </span>
    </p>

    <p class='ocr_par' dir='ltr' id='par_1_3' title="bbox 186 2754 1295 4366">
     <span class='ocr_line' id='line_1_22' title="bbox 229 2754 1287 2845; baseline 0.003 -24"><span class='ocrx_word' id='word_1_155' title='bbox 229 2754 389 2842; x_wconf 82' lang='lat' dir='ltr'>Congruit</span> <span class='ocrx_word' id='word_1_156' title='bbox 424 2779 495 2822; x_wconf 88' lang='lat' dir='ltr'>cum</span> <span class='ocrx_word' id='word_1_157' title='bbox 533 2759 592 2823; x_wconf 90' lang='lat' dir='ltr'>hac</span> <span class='ocrx_word' id='word_1_158' title='bbox 631 2757 894 2845; x_wconf 88' lang='lat' dir='ltr'>contemplandae</span> <span class='ocrx_word' id='word_1_159' title='bbox 929 2757 1130 2843; x_wconf 86' lang='lat' dir='ltr'>eloquentiae</span> <span class='ocrx_word' id='word_1_160' title='bbox 1164 2757 1287 2824; x_wconf 91' lang='lat' dir='ltr'>ratione</span> 
     </span>
     <span class='ocr_line' id='line_1_23' title="bbox 186 2865 1287 2954; baseline 0.004 -26"><span class='ocrx_word' id='word_1_161' title='bbox 186 2887 275 2930; x_wconf 89' lang='lat' dir='ltr'>amor</span> <span class='ocrx_word' id='word_1_162' title='bbox 295 2865 351 2929; x_wconf 93' lang='lat' dir='ltr'>ille</span> <span class='ocrx_word' id='word_1_163' title='bbox 372 2865 596 2952; x_wconf 89' lang='lat' dir='ltr'>simplicitatis,</span> <span class='ocrx_word' id='word_1_164' title='bbox 628 2865 661 2930; x_wconf 93' lang='lat' dir='ltr'>in</span> <span class='ocrx_word' id='word_1_165' title='bbox 693 2889 756 2953; x_wconf 93' lang='lat' dir='ltr'>quo</span> <span class='ocrx_word' id='word_1_166' title='bbox 788 2865 1006 2930; x_wconf 86' lang='lat' dir='ltr'>Camerarium</span> <span class='ocrx_word' id='word_1_167' title='bbox 1038 2867 1136 2931; x_wconf 89' lang='lat' dir='ltr'>Attici</span> <span class='ocrx_word' id='word_1_168' title='bbox 1166 2867 1287 2954; x_wconf 84' lang='lat' dir='ltr'>aliquid</span> 
     </span>
     <span class='ocr_line' id='line_1_24' title="bbox 186 2973 1289 3061; baseline 0.002 -23"><span class='ocrx_word' id='word_1_169' title='bbox 186 2975 313 3060; x_wconf 91' lang='lat' dir='ltr'>ingenii</span> <span class='ocrx_word' id='word_1_170' title='bbox 338 2974 546 3061; x_wconf 87' lang='lat' dir='ltr'>conspexisse</span> <span class='ocrx_word' id='word_1_171' title='bbox 567 2975 825 3040; x_wconf 81' lang='lat' dir='ltr'>memoravimus</span> <span class='ocrx_word' id='word_1_172' title='bbox 862 2973 901 3038; x_wconf 76' lang='lat' dir='ltr'>Et</span> <span class='ocrx_word' id='word_1_173' title='bbox 924 2973 994 3061; x_wconf 88' lang='lat' dir='ltr'>ipse</span> <span class='ocrx_word' id='word_1_174' title='bbox 1021 2975 1150 3059; x_wconf 91' lang='lat' dir='ltr'>quidem</span> <span class='ocrx_word' id='word_1_175' title='bbox 1169 2975 1289 3042; x_wconf 90' lang='lat' dir='ltr'>Melan-</span> 
     </span>
     <span class='ocr_line' id='line_1_25' title="bbox 191 3081 1289 3171; baseline 0.002 -23"><span class='ocrx_word' id='word_1_176' title='bbox 191 3085 307 3149; x_wconf 92' lang='lat' dir='ltr'>chthon</span> <span class='ocrx_word' id='word_1_177' title='bbox 332 3083 452 3148; x_wconf 88' lang='lat' dir='ltr'>eximie</span> <span class='ocrx_word' id='word_1_178' title='bbox 485 3081 594 3147; x_wconf 89' lang='lat' dir='ltr'>laudat</span> <span class='ocrx_word' id='word_1_179' title='bbox 615 3082 748 3163; x_wconf 85' lang='lat' dir='ltr'>Atticos,</span> <span class='ocrx_word' id='word_1_180' title='bbox 778 3081 897 3168; x_wconf 90' lang='lat' dir='ltr'>quippe</span> <span class='ocrx_word' id='word_1_181' title='bbox 922 3081 976 3168; x_wconf 89' lang='lat' dir='ltr'>qui</span> <span class='ocrx_word' id='word_1_182' title='bbox 998 3105 1120 3148; x_wconf 91' lang='lat' dir='ltr'>summa</span> <span class='ocrx_word' id='word_1_183' title='bbox 1142 3084 1289 3171; x_wconf 88' lang='lat' dir='ltr'>proprie·</span> 
     </span>
     <span class='ocr_line' id='line_1_26' title="bbox 189 3191 1289 3262; baseline 0.004 -4"><span class='ocrx_word' id='word_1_184' title='bbox 189 3203 253 3259; x_wconf 90' lang='lat' dir='ltr'>tate</span> <span class='ocrx_word' id='word_1_185' title='bbox 279 3193 424 3259; x_wconf 87' lang='lat' dir='ltr'>dictionis</span> <span class='ocrx_word' id='word_1_186' title='bbox 443 3193 493 3258; x_wconf 90' lang='lat' dir='ltr'>usi</span> <span class='ocrx_word' id='word_1_187' title='bbox 522 3192 584 3257; x_wconf 89' lang='lat' dir='ltr'>sint</span> <span class='ocrx_word' id='word_1_188' title='bbox 616 3201 648 3256; x_wconf 91' lang='grc'>11</span> <span class='ocrx_word' id='word_1_189' title='bbox 676 3191 927 3256; x_wconf 86' lang='lat' dir='ltr'>verecundiores</span> <span class='ocrx_word' id='word_1_190' title='bbox 951 3191 1123 3257; x_wconf 85' lang='grc'><strong>1111111111</strong></span> <span class='ocrx_word' id='word_1_191' title='bbox 1146 3194 1289 3262; x_wconf 88' lang='lat' dir='ltr'>ornando</span> 
     </span>
     <span class='ocr_line' id='line_1_27' title="bbox 188 3299 1290 3389; baseline 0 -21"><span class='ocrx_word' id='word_1_192' title='bbox 188 3303 323 3389; x_wconf 87' lang='lat' dir='ltr'>reliquis</span> <span class='ocrx_word' id='word_1_193' title='bbox 345 3306 495 3389; x_wconf 88' lang='lat' dir='ltr'>gentibus</span> <span class='ocrx_word' id='word_1_194' title='bbox 520 3312 551 3368; x_wconf 93' lang='lat' dir='ltr'>et</span> <span class='ocrx_word' id='word_1_195' title='bbox 572 3302 727 3389; x_wconf 89' lang='lat' dir='ltr'>quidquid</span> <span class='ocrx_word' id='word_1_196' title='bbox 747 3302 890 3388; x_wconf 87' lang='lat' dir='ltr'>ineptum</span> <span class='ocrx_word' id='word_1_197' title='bbox 907 3309 938 3364; x_wconf 92' lang='lat' dir='ltr'>et</span> <span class='ocrx_word' id='word_1_198' title='bbox 961 3299 1219 3387; x_wconf 86' lang='lat' dir='ltr'>intempestivum</span> <span class='ocrx_word' id='word_1_199' title='bbox 1243 3313 1290 3368; x_wconf 91' lang='lat' dir='ltr'>est</span> 
     </span>
     <span class='ocr_line' id='line_1_28' title="bbox 189 3405 1288 3498; baseline -0.001 -20"><span class='ocrx_word' id='word_1_200' title='bbox 189 3434 314 3478; x_wconf 90' lang='lat' dir='ltr'>summa</span> <span class='ocrx_word' id='word_1_201' title='bbox 336 3411 500 3498; x_wconf 86' lang='lat' dir='ltr'>diligentia</span> <span class='ocrx_word' id='word_1_202' title='bbox 523 3412 696 3476; x_wconf 87' lang='lat' dir='ltr'>vitaverint.</span> <span class='ocrx_word' id='word_1_203' title='bbox 740 3410 952 3496; x_wconf 89' lang='lat' dir='ltr'>Praecipuum</span> <span class='ocrx_word' id='word_1_204' title='bbox 976 3410 1127 3475; x_wconf 89' lang='lat' dir='ltr'>orationis</span> <span class='ocrx_word' id='word_1_205' title='bbox 1144 3405 1288 3477; x_wconf 86' lang='lat' dir='ltr'>ornatum</span> 
     </span>
     <span class='ocr_line' id='line_1_29' title="bbox 189 3516 1290 3608; baseline 0 -24"><span class='ocrx_word' id='word_1_206' title='bbox 189 3520 308 3606; x_wconf 90' lang='lat' dir='ltr'>,ipsam</span> <span class='ocrx_word' id='word_1_207' title='bbox 333 3542 442 3585; x_wconf 89' lang='lat' dir='ltr'>rerum</span> <span class='ocrx_word' id='word_1_208' title='bbox 461 3519 624 3607; x_wconf 91' lang='lat' dir='ltr'>propriam</span> <span class='ocrx_word' id='word_1_209' title='bbox 643 3518 905 3606; x_wconf 82' lang='lat' dir='ltr'>explicationem“</span> <span class='ocrx_word' id='word_1_210' title='bbox 927 3537 998 3581; x_wconf 89' lang='lat' dir='ltr'>esse</span> <span class='ocrx_word' id='word_1_211' title='bbox 1021 3516 1104 3599; x_wconf 88' lang='lat' dir='ltr'>dicit,</span> <span class='ocrx_word' id='word_1_212' title='bbox 1125 3528 1161 3583; x_wconf 90' lang='lat' dir='ltr'>ut</span> <span class='ocrx_word' id='word_1_213' title='bbox 1182 3519 1215 3583; x_wconf 91' lang='lat' dir='ltr'>in</span> <span class='ocrx_word' id='word_1_214' title='bbox 1242 3521 1290 3608; x_wconf 92' lang='lat' dir='ltr'>pi·</span> 
     </span>
     <span class='ocr_line' id='line_1_30' title="bbox 190 3625 1290 3716; baseline 0.003 -24"><span class='ocrx_word' id='word_1_215' title='bbox 190 3637 279 3693; x_wconf 89' lang='lat' dir='ltr'>ctura</span> <span class='ocrx_word' id='word_1_216' title='bbox 307 3629 388 3693; x_wconf 88' lang='lat' dir='ltr'>iusta</span> <span class='ocrx_word' id='word_1_217' title='bbox 411 3651 580 3716; x_wconf 86' lang='lat' dir='ltr'>corporum</span> <span class='ocrx_word' id='word_1_218' title='bbox 603 3629 802 3694; x_wconf 88' lang='lat' dir='ltr'>lineamenta.</span> <span class='ocrx_word' id='word_1_219' title='bbox 854 3627 944 3714; x_wconf 88' lang='lat' dir='ltr'>Ipsas</span> <span class='ocrx_word' id='word_1_220' title='bbox 968 3625 1290 3712; x_wconf 68' lang='lat' dir='ltr'>animi&#39;cogitationes</span> 
     </span>
     <span class='ocr_line' id='line_1_31' title="bbox 192 3736 1291 3825; baseline 0.002 -23"><span class='ocrx_word' id='word_1_221' title='bbox 192 3738 281 3825; x_wconf 89' lang='lat' dir='ltr'>quasi</span> <span class='ocrx_word' id='word_1_222' title='bbox 302 3737 484 3825; x_wconf 90' lang='lat' dir='ltr'>pingendas</span> <span class='ocrx_word' id='word_1_223' title='bbox 509 3747 539 3802; x_wconf 91' lang='lat' dir='ltr'>et</span> <span class='ocrx_word' id='word_1_224' title='bbox 561 3737 847 3825; x_wconf 82' lang='lat' dir='ltr'>repraesentandos</span> <span class='ocrx_word' id='word_1_225' title='bbox 868 3757 950 3817; x_wconf 89' lang='lat' dir='ltr'>esse,</span> <span class='ocrx_word' id='word_1_226' title='bbox 974 3758 1036 3821; x_wconf 91' lang='lat' dir='ltr'>qua</span> <span class='ocrx_word' id='word_1_227' title='bbox 1058 3736 1091 3800; x_wconf 90' lang='lat' dir='ltr'>in</span> <span class='ocrx_word' id='word_1_228' title='bbox 1113 3758 1149 3800; x_wconf 90' lang='lat' dir='ltr'>re</span> <span class='ocrx_word' id='word_1_229' title='bbox 1171 3737 1197 3802; x_wconf 90' lang='lat' dir='ltr'>si</span> <span class='ocrx_word' id='word_1_230' title='bbox 1221 3739 1291 3824; x_wconf 90' lang='lat' dir='ltr'>quis</span> 
     </span>
     <span class='ocr_line' id='line_1_32' title="bbox 194 3845 1291 3932; baseline 0 -21"><span class='ocrx_word' id='word_1_231' title='bbox 194 3845 346 3928; x_wconf 89' lang='lat' dir='ltr'>elaboret,</span> <span class='ocrx_word' id='word_1_232' title='bbox 370 3867 486 3932; x_wconf 89' lang='lat' dir='ltr'>magna</span> <span class='ocrx_word' id='word_1_233' title='bbox 509 3847 537 3912; x_wconf 90' lang='lat' dir='ltr'>ei</span> <span class='ocrx_word' id='word_1_234' title='bbox 559 3849 720 3928; x_wconf 85' lang='lat' dir='ltr'>uarietate,</span> <span class='ocrx_word' id='word_1_235' title='bbox 746 3845 834 3932; x_wconf 86' lang='lat' dir='ltr'>quasi</span> <span class='ocrx_word' id='word_1_236' title='bbox 850 3846 1003 3926; x_wconf 90' lang='lat' dir='ltr'>colorum,</span> <span class='ocrx_word' id='word_1_237' title='bbox 1019 3846 1204 3927; x_wconf 91' lang='lat' dir='ltr'>verborum,</span> <span class='ocrx_word' id='word_1_238' title='bbox 1220 3869 1291 3912; x_wconf 93' lang='lat' dir='ltr'>sen-</span> 
     </span>
     <span class='ocr_line' id='line_1_33' title="bbox 192 3954 1292 4043; baseline 0.001 -24"><span class='ocrx_word' id='word_1_239' title='bbox 192 3955 363 4021; x_wconf 89' lang='lat' dir='ltr'>tentiarum</span> <span class='ocrx_word' id='word_1_240' title='bbox 386 3964 418 4020; x_wconf 93' lang='lat' dir='ltr'>et</span> <span class='ocrx_word' id='word_1_241' title='bbox 437 3955 612 4042; x_wconf 86' lang='lat' dir='ltr'>figurarum</span> <span class='ocrx_word' id='word_1_242' title='bbox 635 3979 715 4043; x_wconf 91' lang='lat' dir='ltr'>opus</span> <span class='ocrx_word' id='word_1_243' title='bbox 739 3959 817 4022; x_wconf 89' lang='lat' dir='ltr'>fore.</span> <span class='ocrx_word' id='word_1_244' title='bbox 870 3954 942 4035; x_wconf 80' lang='lat' dir='ltr'>Eis,</span> <span class='ocrx_word' id='word_1_245' title='bbox 965 3974 1046 4038; x_wconf 86' lang='lat' dir='ltr'>quae</span> <span class='ocrx_word' id='word_1_246' title='bbox 1069 3976 1105 4018; x_wconf 89' lang='lat' dir='ltr'>re</span> <span class='ocrx_word' id='word_1_247' title='bbox 1129 3956 1292 4042; x_wconf 88' lang='lat' dir='ltr'>postulan-</span> 
     </span>
     <span class='ocr_line' id='line_1_34' title="bbox 191 4061 1294 4150; baseline 0.002 -21"><span class='ocrx_word' id='word_1_248' title='bbox 191 4073 258 4146; x_wconf 86' lang='lat' dir='ltr'>tur,</span> <span class='ocrx_word' id='word_1_249' title='bbox 282 4064 384 4130; x_wconf 90' lang='lat' dir='ltr'>aliena</span> <span class='ocrx_word' id='word_1_250' title='bbox 406 4064 583 4130; x_wconf 88' lang='lat' dir='ltr'>admiscere</span> <span class='ocrx_word' id='word_1_251' title='bbox 615 4065 704 4130; x_wconf 86' lang='lat' dir='ltr'>idem</span> <span class='ocrx_word' id='word_1_252' title='bbox 727 4085 798 4129; x_wconf 90' lang='lat' dir='ltr'>csse</span> <span class='ocrx_word' id='word_1_253' title='bbox 821 4088 857 4128; x_wconf 91' lang='lat' dir='ltr'>ac</span> <span class='ocrx_word' id='word_1_254' title='bbox 888 4062 913 4128; x_wconf 93' lang='lat' dir='ltr'>si</span> <span class='ocrx_word' id='word_1_255' title='bbox 951 4061 1021 4148; x_wconf 91' lang='lat' dir='ltr'>quis</span> <span class='ocrx_word' id='word_1_256' title='bbox 1053 4063 1094 4127; x_wconf 90' lang='lat' dir='ltr'>ad</span> <span class='ocrx_word' id='word_1_257' title='bbox 1127 4065 1294 4150; x_wconf 88' lang='lat' dir='ltr'>pulchram</span> 
     </span>
     <span class='ocr_line' id='line_1_35' title="bbox 193 4169 1293 4261; baseline -0.001 -23"><span class='ocrx_word' id='word_1_258' title='bbox 193 4181 326 4239; x_wconf 88' lang='lat' dir='ltr'>statuam</span> <span class='ocrx_word' id='word_1_259' title='bbox 348 4194 531 4261; x_wconf 88' lang='lat' dir='ltr'>purpureos</span> <span class='ocrx_word' id='word_1_260' title='bbox 563 4183 594 4238; x_wconf 92' lang='lat' dir='ltr'>et</span> <span class='ocrx_word' id='word_1_261' title='bbox 617 4174 737 4239; x_wconf 89' lang='lat' dir='ltr'>sericos</span> <span class='ocrx_word' id='word_1_262' title='bbox 769 4195 892 4260; x_wconf 88' lang='lat' dir='ltr'>pannos</span> <span class='ocrx_word' id='word_1_263' title='bbox 923 4169 1106 4256; x_wconf 84' lang='lat' dir='ltr'>suspendat.</span> <span class='ocrx_word' id='word_1_264' title='bbox 1148 4171 1293 4255; x_wconf 63' lang='grc' dir='ltr'>ᾖ11111111,</span> 
     </span>
     <span class='ocr_line' id='line_1_36' title="bbox 194 4277 1295 4366; baseline 0.005 -24"><span class='ocrx_word' id='word_1_265' title='bbox 194 4278 315 4365; x_wconf 91' lang='lat' dir='ltr'>inquit,</span> <span class='ocrx_word' id='word_1_266' title='bbox 350 4281 384 4343; x_wconf 92' lang='lat' dir='ltr'>in</span> <span class='ocrx_word' id='word_1_267' title='bbox 414 4280 555 4345; x_wconf 89' lang='lat' dir='ltr'>oratione</span> <span class='ocrx_word' id='word_1_268' title='bbox 582 4288 731 4366; x_wconf 90' lang='lat' dir='ltr'>tanquam</span> <span class='ocrx_word' id='word_1_269' title='bbox 770 4281 801 4345; x_wconf 92' lang='lat' dir='ltr'>in</span> <span class='ocrx_word' id='word_1_270' title='bbox 821 4281 911 4345; x_wconf 89' lang='lat' dir='ltr'>vultu</span> <span class='ocrx_word' id='word_1_271' title='bbox 947 4277 1128 4364; x_wconf 91' lang='lat' dir='ltr'>ingenuitas</span> <span class='ocrx_word' id='word_1_272' title='bbox 1162 4281 1295 4348; x_wconf 88' lang='lat' dir='ltr'>dicentis</span> 
     </span>
    </p>

    <p class='ocr_par' dir='ltr' id='par_1_4' title="bbox 1082 4402 1098 4454">
     <span class='ocr_line' id='line_1_37' title="bbox 1082 4402 1098 4454; baseline 0 0"><span class='ocrx_word' id='word_1_273' title='bbox 1082 4402 1098 4454; x_wconf 82' lang='lat'><strong><em>2</em></strong></span> 
     </span>
    </p>
   </div>
   <div class='ocr_carea' id='block_1_3' title="bbox 0 0 1621 5090">
    <p class='ocr_par' dir='ltr' id='par_1_5' title="bbox 0 0 1621 5090">
     <span class='ocr_line' id='line_1_38' title="bbox 0 0 1621 5090; baseline 0 0"><span class='ocrx_word' id='word_1_274' title='bbox 0 0 1621 5090; x_wconf 95' lang='lat' dir='ltr'> </span> 
     </span>
    </p>
   </div>
  </div>
 </body>
</html>
