3186 5090
742 379 781 444 ol

216 563 360 649 gentium
382 570 414 628 et
432 581 511 628 vero
535 560 691 647 quaedam
714 557 916 646 pbilosopbia
937 563 1013 624 est-⁹
1061 557 1159 641 Quod
1176 565 1311 646 apparot

217 672 340 738 collatis
372 671 503 736 aliarum
533 667 689 756 gentium,
721 667 927 749 ludaeorum,
950 665 1192 754 Spartanorum,
1216 667 1315 732 Atbc·

217 781 386 861 niensium,
407 779 545 866 legibus.
596 776 647 844 Ex
670 777 787 863 qnibns
819 776 961 858 ,Atticae
983 775 1116 864 propias
1138 775 1180 840 ad
1200 777 1315 841 Roma-

218 913 291 956 nam
312 891 446 955 formam
467 887 633 968 accedunt,
655 887 714 952 sed
736 887 901 956 Romanae
921 886 995 974 plns
1017 885 1179 972 gravitatis
1199 885 1317 951 babent

217 1001 252 1064 in
283 999 446 1086 plerisque
482 996 605 1062 delictis
634 995 823 1082 puniendis3
855 995 970 1060 melius
1002 995 1097 1060 etiam
1131 994 1316 1061 describunt

218 1111 288 1176 iura
306 1117 577 1188 testamentorum,
601 1107 788 1172 discernunt
810 1105 1033 1186 haereditates,
1047 1104 1123 1170 fidei
1138 1103 1315 1186 commissa,

219 1220 340 1306 legata3
377 1218 518 1303 denique
543 1217 674 1283 uberior
703 1225 752 1281 est
786 1215 929 1282 doctrina
955 1213 1132 1282 Romanis.“
1183 1213 1237 1280 Ad
1260 1213 1316 1278 bas

218 1350 272 1394 ras
290 1326 496 1414 praestandas
513 1324 653 1413 populus
673 1325 836 1394 Romanus
869 1333 901 1390 et
920 1325 1052 1412 ingenio
1080 1347 1139 1390 suc
1168 1332 1200 1389 et
1222 1343 1318 1388 even·

219 1449 310 1504 tunm
342 1437 462 1505 vicibus
493 1438 663 1504 ferebatur.
717 1434 875 1516 ,camilla
900 1434 1006 1516 Ourii,
1035 1433 1187 1515 Fabricii,
1215 1431 1315 1513 Fabii,

222 1547 362 1628 Claudii,
383 1541 563 1633 Scipiones,
583 1544 703 1627 Crassi,
723 1543 807 1627 lulii,
830 1545 1014 1625 Cicerones,
1040 1542 1216 1612 Scaevolae
1238 1539 1318 1606 didi·

221 1664 329 1723 cerant
359 1655 557 1742 respublicas
592 1676 711 1742 regere
743 1677 809 1720 non
843 1654 877 1717 in
905 1656 1020 1720 umbra
1051 1661 1083 1719 et
1111 1651 1146 1717 in
1175 1651 1255 1733 ocio,
1283 1659 1319 1716 ut

223 1762 348 1844 Graeci,
371 1763 483 1830 sedin
512 1762 582 1828 sole
609 1785 647 1828 ac
667 1760 815 1848 pulvere,
836 1785 898 1828 usn
929 1759 1092 1847 magistro,
1114 1760 1189 1841 vim,
1210 1759 1318 1824 incon·

222 1873 374 1954 stantiam,
404 1873 573 1958 variasque
601 1871 780 1937 voluntates
811 1870 902 1956 vulgi
933 1869 1019 1936 domi
1054 1867 1198 1955 forisque
1226 1868 1320 1933 toties

225 1981 364 2070 experti,
395 1990 514 2048 norunt
533 2002 616 2067 qnae
651 1980 819 2068 pharmaca
850 1980 1008 2045 civitatum
1031 1977 1152 2044 morbis
1174 1977 1321 2043 conveni·

222 2097 311 2156 rent‘
319 2092 356 2176 ¹).
387 2129 429 2140 -·-
460 2089 552 2154 Illam
577 2089 676 2176 igitur
706 2090 920 2156 Romanarum
952 2089 1065 2174 legum
1096 2085 1321 2175 praestantiam

199 2208 318 2285 ’atque
341 2199 563 2266 excellentiam
585 2197 705 2267 diversi
724 2207 836 2285 postea
849 2197 962 2285 populi
985 2204 1187 2284 agnoverunt
1203 2215 1321 2279 casque

224 2309 258 2374 iu
275 2309 401 2376 soboles
422 2309 505 2373 etin
527 2311 597 2374 fora
614 2316 855 2374 revocaverunt
879 2308 1099 2392 ,Quamquam
1119 2327 1198 2371 vero
1219 2303 1321 2373 Saxo·

222 2440 282 2484 nes
303 2417 483 2484 vernaculis
504 2416 633 2504 legibus
663 2415 768 2482 adbuc
789 2415 904 2482 alicubi
930 2424 1073 2496 utuntur,
1095 2423 1202 2478 tamen
1224 2413 1323 2477 multa

225 2528 259 2592 in
279 2527 320 2594 iis
341 2535 482 2594 correcta
505 2537 537 2592 et
552 2526 720 2592 emendata
735 2534 810 2591 sunt
831 2547 873 2590 ex
887 2525 1032 2592 Romano
1049 2524 1130 2590 iure.
1151 2522 1189 2587 Id
1204 2523 1323 2608 magno

224 2658 384 2702 censensu
405 2645 556 2722 tanquam
582 2635 747 2702 oraculum
767 2633 911 2700 nationes
944 2653 1057 2698 omnes
1092 2631 1133 2696 de
1164 2630 1322 2716 aequitate

220 2747 394 2812 consulunt
413 2755 446 2810 et
467 2745 501 2810 in
532 2742 743 2810 diiudicandis
768 2742 1030 2831 pensitandisque
1060 2739 1216 2821 omnibus,
1241 2761 1322 2826 quae

221 2853 254 2918 in
268 2852 404 2942 publicis
418 2851 558 2919 consiliis
573 2852 801 2934 decernuntur,
818 2851 989 2939 gnomonis
1004 2851 1075 2916 vice
1096 2871 1166 2916 esse
1185 2849 1323 2914 volunt‘t

221 2963 317 3044 ,Tam
340 2971 478 3029 sanctam
504 2961 714 3048 plurimarum
737 2958 882 3046 gentium
915 2959 1181 3046 conspirationem
1212 2979 1323 3045 repre·

222 3073 368 3138 bendere
394 3070 472 3158 quid
494 3070 582 3136 aliud
605 3078 655 3135 est
673 3069 734 3134 nisi
755 3068 938 3134 insanire‘l“
967 3067 1054 3144 „Nec
1073 3067 1186 3155 negari
1207 3076 1322 3154 potest,

223 3181 319 3246 huius
342 3179 505 3246 dominae
533 3178 716 3266 cognitione
747 3177 878 3260 Italiam,
904 3175 1041 3244 Galliam
1057 3186 1098 3241 et
1120 3175 1323 3244 Germaniam

223 3290 319 3356 factas
341 3311 414 3356 esse
435 3288 587 3354 cultiores
610 3296 705 3373 atque
725 3285 877 3351 mitiores.
920 3285 1094 3372 Postquam
1117 3285 1201 3350 enim
1223 3283 1257 3348 in
1276 3283 1324 3349 iu·

224 3397 314 3463 diciis
337 3397 426 3464 multi
448 3397 601 3465 barbarici
620 3396 699 3462 ritus
720 3397 855 3462 correcti
878 3405 952 3463 sunt
973 3404 1005 3460 et
1035 3393 1174 3459 actiones
1195 3417 1232 3458 ac
1254 3413 1324 3458 sen·

226 3507 343 3572 tentiae
364 3506 571 3592 requirebant
586 3505 745 3591 quandam
763 3505 984 3586 cruditionem,
1000 3525 1107 3570 mores
1125 3502 1219 3568 etiam
1240 3500 1324 3566 flecti

224 3615 265 3680 ad
294 3615 524 3684 humanitatem
554 3614 657 3700 magis
687 3623 875 3702 coeperunt,
903 3623 936 3680 et
968 3620 1171 3678 accesserunt
1201 3611 1325 3675 litterae

225 3724 416 3792 eruditiores
438 3732 471 3790 et
491 3723 648 3811 quaedam
669 3723 873 3811 philosophia
895 3747 931 3788 ac
952 3722 1052 3788 maior
1076 3719 1218 3786 discendi
1240 3741 1325 3785 cura.

226 3833 309 3898 Nam
329 3833 391 3899 boe
415 3832 465 3898 ius
487 3833 666 3900 Romanum
689 3831 776 3896 haud
806 3830 903 3896 dubie
927 3829 1052 3896 erudita
1077 3827 1232 3914 quaedam
1254 3827 1324 3914 pbi-

227 3940 376 4028 losophia
399 3950 456 4007 est.
486 3940 596 4023 Quare
618 3939 739 4009 etiamsi
762 3961 828 4006 non
848 3947 1031 4006 revocatum
1052 3945 1138 4003 esset
1159 3936 1192 4000 in
1210 3937 1326 4019 forum,

230 4165 425 4175 -ι--ν-ι-ι-ι

196 4271 1055 4348 ‚1mmmmmmmmmmm
