3186 5090
789 307 830 372 24

278 491 322 554 ita
343 484 580 574 tragoediarum
603 487 742 554 omnium
763 489 825 554 boc
845 491 1054 578 praecipuum
1074 501 1122 558 est
1142 503 1375 579 argumentum.

276 637 315 644 -
336 595 404 661 Etsi
436 606 539 662 autem
564 598 748 664 comoediae
770 599 829 664 ioci
853 609 884 664 et
914 600 1132 668 oblectationis
1154 627 1250 668 causa
1271 604 1375 690 magis

274 711 366 775 fictae
391 719 474 791 sunt,
496 718 603 774 tamon
638 709 804 774 consilium
838 732 943 797 paene
975 719 1023 776 est
1056 712 1170 776 simile.
1224 713 1265 778 Et
1286 722 1377 778 vetus

276 817 406 905 quidem
429 818 593 884 comoedia
625 818 775 906 proprior
798 828 846 884 est
875 819 1070 906 tragoediae.
1124 821 1225 908 Apud
1253 823 1376 911 Aristo-

165 929 168 933 ’
274 929 414 1016 phanem
443 936 516 992 sunt
550 928 700 1014 exempla
734 927 868 1009 civium,
894 951 1030 1014 quorum
1063 929 1116 994 alii
1144 931 1377 1018 rempublicam

274 1040 358 1103 bene
380 1045 546 1118 rexerunt,
569 1037 621 1100 alii
637 1039 804 1102 turbarunt
820 1045 914 1122 atque
928 1045 1130 1118 everterunt,
1152 1039 1377 1106 dissimilitudo

274 1146 484 1228 voluntatum,
506 1146 711 1212 consiliorum
733 1155 764 1210 et
789 1155 961 1211 eventuum
983 1148 1202 1235 proponitur.“
1243 1149 1373 1217 Deinde

275 1256 436 1342 quomodo
460 1256 585 1322 mutatis
606 1256 803 1342 temporibus
826 1278 908 1321 nova
930 1256 1095 1321 comoedia
1117 1266 1184 1322 orta
1208 1258 1249 1322 sit
1279 1281 1378 1346 expo-

274 1365 332 1447 nit,
350 1365 439 1430 cuius
464 1364 598 1452 egregia
611 1375 816 1430 monumenta
839 1364 925 1450 quod
940 1365 1081 1430 funditus
1103 1366 1291 1450 interierint,
1314 1391 1378 1432 ma-

275 1496 423 1562 gnopere
447 1474 474 1539 ci
501 1474 676 1540 dolendum
699 1474 834 1538 videtur.
869 1472 969 1556 ,Nam
991 1483 1022 1539 et
1046 1496 1089 1538 ex
1110 1473 1241 1558 Latinis,
1265 1477 1377 1563 inquit,

274 1593 450 1670 utcunque.
473 1583 632 1649 aestimari
660 1592 776 1671 potest,
802 1592 953 1670 qnantum
983 1585 1156 1652 venustatis
1187 1585 1220 1649 in
1244 1585 1376 1651 Graecis

274 1692 380 1774 fuerit,
405 1702 436 1756 et
459 1693 640 1776 fragmenta
671 1701 744 1756 sunt
776 1691 1022 1778 elegantissima,
1046 1686 1185 1779 deniqne
1214 1703 1378 1758 consenta-

274 1824 372 1866 neum
397 1810 444 1868 est
473 1801 620 1868 homines
643 1801 767 1867 Atticos
789 1801 927 1887 ingeniis
952 1811 983 1866 et
1015 1803 1194 1868 eruditione
1216 1804 1379 1870 excellen-

274 1921 334 1994 tes,
357 1912 470 1998 lepore
493 1912 577 1976 inter
599 1933 634 1976 sc
664 1919 839 1993 certantes,
863 1933 960 1997 quum
994 1920 1026 1976 et
1057 1912 1161 1977 honos
1192 1923 1277 1978 esset
1305 1913 1379 1980 huic

275 2021 380 2086 studio
404 2031 436 2085 et
457 2021 509 2085 alii
525 2023 571 2099 ,ab
603 2021 671 2086 aliis
693 2029 759 2085 tum
792 2021 1021 2102 excitarentur,
1045 2029 1111 2086 tum
1140 2022 1377 2106 adiuvarentur,
1454 2075 1456 2079 .

273 2153 340 2196 non
359 2128 497 2194 insulsos
519 2131 616 2212 iocos,
641 2129 752 2215 quales
775 2151 862 2194 nunc
885 2139 959 2194 sunt
985 2153 1169 2196 scurrarum
1190 2131 1376 2213 aulicorum,

272 2241 306 2305 in
328 2240 451 2304 theatra
472 2239 625 2321 attulisse,
651 2237 710 2302 aed
741 2239 903 2326 sapienter
935 2239 1113 2326 excogitata
1135 2250 1325 2327 argumenta
1347 2251 1377 2305 et

273 2349 424 2415 varietate
447 2348 607 2414 doctrinae
633 2356 664 2412 et
687 2348 837 2413 orationis
859 2347 1010 2413 suavitate
1040 2349 1225 2415 dulcissime
1256 2360 1376 2416 ornata.

272 2457 508 2543 -Postquam
531 2477 609 2520 vero
639 2464 845 2520 monumenta
868 2455 1204 2538 horuminteriernnt,
1234 2457 1378 2544 reliquiis

272 2569 427 2648 fruamur,
451 2565 555 2630 Plauti
576 2573 607 2628 et
629 2563 771 2628 Terentii
796 2563 939 2629 fabulis.“
994 2564 1139 2647 Quarum
1171 2565 1270 2651 igitur
1298 2589 1378 2632 non-

271 2682 379 2747 nullas
401 2682 434 2746 in
464 2681 572 2746 schola
595 2703 651 2745 sna
674 2680 797 2766 privata
819 2682 857 2746 ab
881 2679 1138 2747 adolescentibus
1166 2683 1259 2748 etiam
1282 2703 1379 2767 agon-

273 2791 329 2856 das
351 2790 517 2876 curavit,¹)
541 2789 583 2854 ite
612 2810 741 2875 quoque
770 2789 934 2855 barbariae
965 2790 1090 2856 obviarn
1111 2791 1150 2857 iri
1181 2792 1377 2874 existimans,

272 2900 306 2964 id
328 2900 416 2986 quod
436 2899 506 2986 ipse
529 2898 560 2962 in
586 2898 726 2984 prologo
747 2898 779 2962 in
794 2899 926 2964 Militem
942 2899 1045 2965 Plauti
1066 2901 1184 2988 scripto
1201 2902 1374 2988 significat:

442 3025 583 3090 Deserta
599 3046 693 3088 scena
716 3034 746 3087 ct
769 3032 855 3088 muta
871 3006 1067 3110 aliquamdiu
1091 3025 1184 3106 stetit,

328 3131 334 3144 ’
444 3132 592 3218 salesque
614 3131 808 3196 refrixerant
833 3141 864 3196 et
887 3132 997 3197 comici
1020 3133 1092 3214 ioci,

439 3267 511 3309 cum
534 3244 659 3309 barbari
682 3243 863 3308 obruissent
886 3242 1027 3307 tenebris
1048 3243 1179 3324 litteras,

444 3354 503 3418 sed
524 3354 585 3418 hae
607 3362 775 3440 postquam
801 3361 896 3440 caput
918 3351 1047 3438 erigunt
1068 3351 1263 3433 comoediae,

445 3465 550 3527 favete
572 3484 702 3547 quaeso,
726 3463 759 3524 in
781 3461 886 3526 lucem
907 3471 942 3525 ut
964 3483 1026 3526 nna
1047 3461 1229 3549 prodeat2).

313 3589 490 3676 Praecipue
514 3587 655 3673 denique
681 3586 817 3652 Homeri
841 3587 1065 3673 praestantiam
1087 3609 1152 3651 non
1175 3595 1295 3651 tantum
1326 3586 1379 3650 fri-

275 3698 352 3784 gide
381 3697 554 3762 admiratus
577 3696 635 3761 sed
665 3697 798 3761 ardente
828 3717 937 3760 amore
969 3696 1226 3784 amplexuscst,
1251 3719 1293 3761 cx
1315 3719 1378 3782 qno

275 3827 333 3872 ceu
359 3806 495 3893 perenni
525 3806 613 3871 fonte
640 3804 783 3891 reliquos
813 3812 922 3890 poetas
955 3804 1043 3870 velut
1074 3804 1196 3870 rivulos
1226 3805 1379 3870 scaturire

282 3997 478 4006 ——-—-—-

327 4113 353 4181 1)
373 4110 412 4165 uf.
431 4109 518 4179 Koch,
537 4110 759 4168 Melanchthon’s
780 4111 1028 4182 scholaprivatap.
1047 4113 1090 4168 56.
1104 4129 1179 4180 seqq.

330 4209 355 4276 2)
376 4207 405 4262 C.
425 4207 458 4262 R.
478 4205 543 4260 XIX
561 4208 621 4263 785.
