3186 5090
809 323 850 389 74

284 500 355 564 aevi
375 521 465 565 more
493 501 711 580 eruditissimis
735 502 934 568 diversorum
964 501 1124 584 ordinum,
1145 502 1217 567 viris
1249 503 1382 569 recitan·
1448 529 1450 534 ·

286 609 341 674 das
365 610 581 697 suppeditavit
601 619 633 676 et
654 633 695 676 ex
726 612 839 695 quibus
862 613 1000 698 plurima
1023 613 1062 700 ad
1085 635 1179 678 omne
1201 633 1305 698 genus
1329 613 1384 677 do-

286 717 403 782 ctrinae
425 719 617 803 pertinentia
636 741 734 804 supra
745 719 925 803 attulimus,
949 719 1070 806 pluries
1087 721 1238 785 collectae
1255 729 1285 784 et
1299 721 1384 808 typis

286 850 432 909 excusae,
461 851 526 892 non
562 829 666 894 solum
700 839 775 895 tunc
809 831 961 917 temporis
991 829 1173 895 avidissime
1203 830 1383 896 lectitaban-

283 947 344 1019 tur,
377 938 436 1002 sed
466 938 559 1004 etiam
589 938 793 1003 multiformis
821 937 1020 1025 Philippicae
1051 939 1237 1004 cruditionis
1269 941 1384 1006 lamam

284 1055 377 1132 atque
398 1047 463 1110 vim
486 1048 525 1111 ἃᾶ
544 1039 722 1134 posteriola
744 1070 822 1112 aeva
853 1057 1122 1134 propagaverunt.
1177 1046 1245 1112 Iam
1266 1046 1384 1114 viventi

282 1155 501 1243 praeceptoris
525 1151 716 1222 Germaniae
739 1179 857 1222 nomen
879 1157 1060 1244 impositum
1086 1165 1142 1222 est.
1185 1157 1238 1222 De
1261 1165 1383 1223 mortuo

285 1263 485 1328 doctissimus
522 1264 650 1349 quidam
683 1264 871 1350 aequalium,
911 1263 1074 1350 Georgius
1103 1265 1278 1349 Fabricius,
1291 1268 1316 1354 ¹)
1351 1267 1384 1330 in

286 1373 447 1460 epitaphio
470 1373 613 1460 scripsit:

396 1481 521 1566 Inclyta
545 1482 700 1567 quidquid
721 1484 817 1548 habet
839 1483 952 1547 studiis
975 1479 1148 1549 Germania
1169 1483 1282 1565 laudis,

449 1592 582 1677 ingenio
603 1593 739 1678 peperit,
766 1592 850 1657 clare
874 1591 1023 1680 Philippo
1044 1601 1110 1656 tuo.

285 1701 392 1783 Quod,
415 1701 559 1766 simodo
588 1709 676 1766 recte
709 1702 908 1787 intelligitur,
930 1723 1015 1766 nuno
1047 1723 1173 1787 quoque
1205 1701 1314 1766 dicore
1337 1701 1383 1766 fas

285 1821 341 1880 est,
385 1809 550 1896 Quidquid
583 1812 666 1875 enim
699 1811 739 1876 ad
762 1803 1013 1897 promovendam
1037 1809 1247 1876 Germanicae
1279 1809 1384 1875 crudi-

282 1920 376 1986 tionis
400 1919 727 2006 Germanicarumque
749 1920 984 1985 academiarum
1007 1918 1136 1984 laudem
1157 1917 1382 2002 Protestantes‚

285 2030 339 2115 qui
360 2039 520 2112 vocantur,
552 2030 716 2095 contulere
749 2031 860 2116 (idque
893 2030 1060 2115 hucusque
1088 2030 1188 2114 longe
1210 2029 1385 2115 plurimum

284 2140 383 2204 fuisse
405 2139 577 2204 doctissimi
609 2141 727 2226 quique
748 2149 779 2205 et
808 2138 1025 2204 candidissimi
1058 2139 1141 2202 inter
1170 2138 1386 2202 hierarchicae

174 2268 176 2272 ’
284 2247 409 2312 unitatis
423 2258 679 2351 propugnatores
693 2248 834 2334 ingenue
852 2248 1014 2332 fatentur),
1037 2246 1070 2311 id
1092 2269 1241 2332 magnam
1260 2255 1384 2334 partem

286 2357 325 2422 ad
348 2357 635 2440 Melanchthonem,
658 2356 884 2422 coniunctionis
908 2356 991 2420 inter
1016 2355 1235 2442 evangelicam
1259 2356 1386 2422 liberta·

284 2477 350 2531 tem
373 2475 404 2532 et
424 2468 530 2531 omnia
548 2466 734 2532 humaniora
754 2466 857 2530 studia
879 2465 975 2530 initae
990 2464 1196 2552 praecipuum
1212 2473 1383 2547 auctorem,

286 2576 356 2641 iure
374 2575 525 2640 refertur.

328 2684 369 2749 Et
388 2684 458 2771 ipse
482 2684 611 2770 quidem
642 2683 827 2764 ,sinceriori
856 2683 1016 2769 evangelii
1047 2682 1208 2748 doctrinae
1230 2681 1385 2768 singulari

286 2793 350 2860 Dei
379 2793 537 2859 beneficio
566 2802 712 2858 renatae<
746 2793 872 2880 saepius
896 2792 929 2857 id
961 2814 1087 2878 quoque
1117 2791 1268 2875 attribuit,
1299 2791 1385 2878 qued

286 2905 327 2968 ad
350 2912 437 2969 recte
471 2903 665 2968 excolendas
691 2904 902 2968 ¹humaniores
936 2903 1066 2986 litteras,
1093 2901 1238 2988 inprimis
1262 2901 1301 2966 ad
1324 2901 1385 2965 rite

254 3061 257 3066 ,
287 3013 524 3078 diiudicandum
557 3012 779 3100 philosophiae
814 3034 904 3077 usum
913 3061 922 3094 ,
953 3012 1059 3076 lucem
1094 3011 1154 3078 sibi
1191 3009 1383 3098 porrexerit.

288 3123 404 3204 Quanti
427 3123 520 3187 etiam
539 3122 602 3187 hoc
626 3122 756 3187 nomine
778 3121 929 3186 momenti
958 3122 991 3187 id
1015 3143 1086 3198 esse
1108 3119 1275 3207 putaverit,
1300 3118 1385 3202 quod

285 3233 413 3319 plenius
432 3230 495 3294 iam
518 3230 672 3294 illustrata
694 3239 761 3296 erat
781 3230 865 3316 legis
888 3239 981 3314 atque
1009 3227 1170 3314 evangelii
1192 3227 1383 3310 differentia,

285 3363 382 3426 supra
401 3341 618 3426 exposuimus.
662 3339 827 3428 „Sempen
850 3339 961 3425 inquit,
986 3339 1068 3403 etin
1093 3339 1179 3404 omui
1201 3336 1386 3403 aeternitate

285 3454 389 3517 bonae
405 3457 527 3514 mentes
548 3448 715 3530 beneficia,
738 3470 817 3533 quae
838 3447 929 3513 Deus
956 3447 1112 3513 ecclesiae
1134 3469 1194 3534 per
1208 3445 1384 3510 Lutherum

287 3559 385 3641 dedit,
409 3559 643 3624 celebrabunt.“
692 3557 885 3643 Deploravit
911 3557 1041 3642 quidem
1065 3557 1169 3621 exorti
1190 3557 1299 3642 magni
1322 3555 1384 3619 dis-

286 3669 357 3733 sidii
381 3667 586 3734 calamitatem
619 3675 650 3730 et
679 3673 814 3751 propter
848 3665 1009 3747 ccclesias,
1046 3686 1146 3750 „quae
1176 3664 1248 3748 regi
1273 3661 1386 3727 melius

285 3776 463 3862 tranquillis
481 3778 679 3862 temporibus
700 3782 861 3861 possent“,
889 3783 920 3839 ct
933 3783 1066 3860 propter
1081 3771 1294 3853 Germaniam,
1317 3771 1385 3850 „eui

287 3889 348 3952 iam
370 3887 522 3952 adversus
555 3896 722 3951 externum
752 3885 877 3950 hostem
907 3883 1086 3968 principum
1118 3903 1274 3948 consensu
1304 3903 1384 3966 opus

288 4003 397 4079 esset“,
421 4005 452 4061 et
470 4005 604 4082 propter
625 3995 822 4061 eruditorum
844 3994 986 4058 virorum
1002 3990 1193 4072 sodalitium,
1211 3991 1264 4076 qui
1279 4014 1297 4054 a.
1312 4011 1384 4076 per-

342 4231 592 4303 quasue
