<?xml version="1.0" encoding="UTF-8"?>
<!DOCTYPE html PUBLIC "-//W3C//DTD XHTML 1.0 Transitional//EN"
    "http://www.w3.org/TR/xhtml1/DTD/xhtml1-transitional.dtd">
<html xmlns="http://www.w3.org/1999/xhtml" xml:lang="en" lang="en">
 <head>
  <title>
</title>
<meta http-equiv="Content-Type" content="text/html;charset=utf-8" />
  <meta name='ocr-system' content='tesseract 3.04.00' />
  <meta name='ocr-capabilities' content='ocr_page ocr_carea ocr_par ocr_line ocrx_word'/>
</head>
<body>
  <div class='ocr_page' id='page_1' title='image "./dephilippomelan00schlgoog_0024.png"; bbox 0 0 3186 5090; ppageno 0'>
   <div class='ocr_carea' id='block_1_1' title="bbox 839 353 880 418">
    <p class='ocr_par' dir='ltr' id='par_1_1' title="bbox 839 353 880 418">
     <span class='ocr_line' id='line_1_1' title="bbox 839 353 880 418; baseline 0.049 -2"><span class='ocrx_word' id='word_1_1' title='bbox 839 353 880 418; x_wconf 89' lang='lat'><strong>16</strong></span> 
     </span>
    </p>
   </div>
   <div class='ocr_carea' id='block_1_2' title="bbox 280 531 1399 956">
    <p class='ocr_par' dir='ltr' id='par_1_2' title="bbox 280 531 1399 956">
     <span class='ocr_line' id='line_1_2' title="bbox 293 531 1399 621; baseline 0.003 -21"><span class='ocrx_word' id='word_1_2' title='bbox 293 534 393 620; x_wconf 86' lang='lat' dir='ltr'><strong>genii,</strong></span> <span class='ocrx_word' id='word_1_3' title='bbox 415 534 621 621; x_wconf 64' lang='lat' dir='ltr'><strong>prudentiae,</strong></span> <span class='ocrx_word' id='word_1_4' title='bbox 636 534 745 602; x_wconf 92' lang='lat' dir='ltr'><strong>iudicii</strong></span> <span class='ocrx_word' id='word_1_5' title='bbox 769 543 801 600; x_wconf 91' lang='lat' dir='ltr'><strong>et</strong></span> <span class='ocrx_word' id='word_1_6' title='bbox 822 556 919 600; x_wconf 87' lang='lat' dir='ltr'><strong>verae</strong></span> <span class='ocrx_word' id='word_1_7' title='bbox 941 535 1034 600; x_wconf 89' lang='lat' dir='ltr'><strong>etiam</strong></span> <span class='ocrx_word' id='word_1_8' title='bbox 1058 534 1181 602; x_wconf 85' lang='lat' dir='ltr'><strong>virtutis</strong></span> <span class='ocrx_word' id='word_1_9' title='bbox 1195 535 1297 602; x_wconf 84' lang='lat' dir='ltr'><strong>index</strong></span> <span class='ocrx_word' id='word_1_10' title='bbox 1311 531 1399 602; x_wconf 83' lang='lat' dir='ltr'><strong>reeta</strong></span> 
     </span>
     <span class='ocr_line' id='line_1_3' title="bbox 294 642 1398 728; baseline 0 -20"><span class='ocrx_word' id='word_1_11' title='bbox 294 653 326 708; x_wconf 92' lang='lat' dir='ltr'><strong>ct</strong></span> <span class='ocrx_word' id='word_1_12' title='bbox 356 643 496 728; x_wconf 83' lang='lat' dir='ltr'><strong>diligens</strong></span> <span class='ocrx_word' id='word_1_13' title='bbox 531 645 641 710; x_wconf 91' lang='lat' dir='ltr'><strong>oratio.</strong></span> <span class='ocrx_word' id='word_1_14' title='bbox 698 643 768 712; x_wconf 85' lang='lat' dir='ltr'><strong>Scis</strong></span> <span class='ocrx_word' id='word_1_15' title='bbox 800 652 905 710; x_wconf 88' lang='lat' dir='ltr'><strong>autem</strong></span> <span class='ocrx_word' id='word_1_16' title='bbox 937 643 1017 708; x_wconf 91' lang='lat' dir='ltr'><strong>illud</strong></span> <span class='ocrx_word' id='word_1_17' title='bbox 1047 642 1209 710; x_wconf 78' lang='lat' dir='ltr'>Musarum</span> <span class='ocrx_word' id='word_1_18' title='bbox 1242 645 1398 710; x_wconf 88' lang='lat' dir='ltr'><strong>canticum</strong></span> 
     </span>
     <span class='ocr_line' id='line_1_4' title="bbox 286 749 1398 838; baseline 0.004 -24"><span class='ocrx_word' id='word_1_19' title='bbox 286 749 371 814; x_wconf 83' lang='grc' dir='ltr'><strong>Ὅττι</strong></span> <span class='ocrx_word' id='word_1_20' title='bbox 392 749 490 815; x_wconf 79' lang='grc' dir='ltr'><em>καλὸν</em></span> <span class='ocrx_word' id='word_1_21' title='bbox 520 751 613 838; x_wconf 73' lang='grc' dir='ltr'><strong>φίλον</strong></span> <span class='ocrx_word' id='word_1_22' title='bbox 638 753 715 818; x_wconf 79' lang='grc' dir='ltr'><strong>ἐστι’.</strong></span> <span class='ocrx_word' id='word_1_23' title='bbox 772 752 882 832; x_wconf 82' lang='lat' dir='ltr'>Quare</span> <span class='ocrx_word' id='word_1_24' title='bbox 915 774 1010 838; x_wconf 89' lang='lat' dir='ltr'><strong>quum</strong></span> <span class='ocrx_word' id='word_1_25' title='bbox 1043 753 1099 818; x_wconf 89' lang='lat' dir='ltr'><strong>illa</strong></span> <span class='ocrx_word' id='word_1_26' title='bbox 1126 761 1181 818; x_wconf 85' lang='lat' dir='ltr'><strong>tua</strong></span> <span class='ocrx_word' id='word_1_27' title='bbox 1212 762 1398 818; x_wconf 82' lang='lat' dir='ltr'><strong>ornamenta</strong></span> 
     </span>
     <span class='ocr_line' id='line_1_5' title="bbox 280 861 1395 956; baseline -0.001 -29"><span class='ocrx_word' id='word_1_28' title='bbox 280 861 541 956; x_wconf 85' lang='lat' dir='ltr'><strong>considerarem,</strong></span> <span class='ocrx_word' id='word_1_29' title='bbox 563 884 605 927; x_wconf 90' lang='lat' dir='ltr'><strong>ne</strong></span> <span class='ocrx_word' id='word_1_30' title='bbox 637 862 710 927; x_wconf 87' lang='lat' dir='ltr'><strong>fieri</strong></span> <span class='ocrx_word' id='word_1_31' title='bbox 746 862 876 947; x_wconf 88' lang='lat' dir='ltr'><strong>quidem</strong></span> <span class='ocrx_word' id='word_1_32' title='bbox 896 861 1015 948; x_wconf 90' lang='lat' dir='ltr'><strong>potuit,</strong></span> <span class='ocrx_word' id='word_1_33' title='bbox 1040 861 1116 947; x_wconf 94' lang='lat' dir='ltr'><strong>quin</strong></span> <span class='ocrx_word' id='word_1_34' title='bbox 1148 870 1179 926; x_wconf 98' lang='grc' dir='ltr'><strong>ιο</strong></span> <span class='ocrx_word' id='word_1_35' title='bbox 1211 861 1395 949; x_wconf 82' lang='lat' dir='ltr'>diligerem,</span> 
     </span>
    </p>
   </div>
   <div class='ocr_carea' id='block_1_3' title="bbox 293 970 1472 1057">
    <p class='ocr_par' dir='ltr' id='par_1_3' title="bbox 293 970 1472 1057">
     <span class='ocr_line' id='line_1_6' title="bbox 293 970 1472 1057; baseline -0.003 -21"><span class='ocrx_word' id='word_1_36' title='bbox 293 971 416 1037; x_wconf 88' lang='lat' dir='ltr'><strong>etiamsi</strong></span> <span class='ocrx_word' id='word_1_37' title='bbox 437 970 630 1036; x_wconf 82' lang='lat' dir='ltr'><strong>familiaritas</strong></span> <span class='ocrx_word' id='word_1_38' title='bbox 652 971 739 1036; x_wconf 90' lang='lat' dir='ltr'><strong>nulla</strong></span> <span class='ocrx_word' id='word_1_39' title='bbox 762 971 829 1036; x_wconf 86' lang='lat' dir='ltr'><strong>luit.</strong></span> <span class='ocrx_word' id='word_1_40' title='bbox 883 970 1029 1057; x_wconf 75' lang='lat' dir='ltr'><strong>Suntque</strong></span> <span class='ocrx_word' id='word_1_41' title='bbox 1057 971 1135 1037; x_wconf 90' lang='lat' dir='ltr'><strong>mihi</strong></span> <span class='ocrx_word' id='word_1_42' title='bbox 1164 979 1262 1038; x_wconf 89' lang='lat' dir='ltr'><strong>testes</strong></span> <span class='ocrx_word' id='word_1_43' title='bbox 1292 971 1394 1053; x_wconf 89' lang='lat' dir='ltr'><strong>multi,</strong></span> <span class='ocrx_word' id='word_1_44' title='bbox 1467 1013 1472 1021; x_wconf 89' lang='lat'>·</span> 
     </span>
    </p>
   </div>
   <div class='ocr_carea' id='block_1_4' title="bbox 286 1079 1395 3895">
    <p class='ocr_par' dir='ltr' id='par_1_4' title="bbox 287 1079 1395 1714">
     <span class='ocr_line' id='line_1_7' title="bbox 293 1079 1394 1165; baseline -0.001 -20"><span class='ocrx_word' id='word_1_45' title='bbox 293 1090 324 1145; x_wconf 90' lang='lat' dir='ltr'><strong>et</strong></span> <span class='ocrx_word' id='word_1_46' title='bbox 344 1079 378 1144; x_wconf 92' lang='lat' dir='ltr'><strong>in</strong></span> <span class='ocrx_word' id='word_1_47' title='bbox 397 1080 446 1144; x_wconf 86' lang='lat' dir='ltr'><strong>his</strong></span> <span class='ocrx_word' id='word_1_48' title='bbox 467 1079 631 1146; x_wconf 86' lang='lat' dir='ltr'><strong>Hubertus</strong></span> <span class='ocrx_word' id='word_1_49' title='bbox 652 1079 696 1144; x_wconf 89' lang='lat' dir='ltr'><strong>toi</strong></span> <span class='ocrx_word' id='word_1_50' title='bbox 720 1103 840 1162; x_wconf 86' lang='lat' dir='ltr'><strong>amans,</strong></span> <span class='ocrx_word' id='word_1_51' title='bbox 862 1101 1007 1145; x_wconf 91' lang='lat' dir='ltr'><strong>meorum</strong></span> <span class='ocrx_word' id='word_1_52' title='bbox 1029 1101 1224 1162; x_wconf 84' lang='lat' dir='ltr'>sermonum,</span> <span class='ocrx_word' id='word_1_53' title='bbox 1248 1101 1328 1165; x_wconf 90' lang='lat' dir='ltr'><strong>quos</strong></span> <span class='ocrx_word' id='word_1_54' title='bbox 1353 1082 1394 1145; x_wconf 92' lang='lat' dir='ltr'><strong>de</strong></span> 
     </span>
     <span class='ocr_line' id='line_1_8' title="bbox 287 1182 1395 1276; baseline -0.002 -22"><span class='ocrx_word' id='word_1_55' title='bbox 287 1199 320 1254; x_wconf 92' lang='lat' dir='ltr'><strong>tc</strong></span> <span class='ocrx_word' id='word_1_56' title='bbox 347 1188 540 1254; x_wconf 89' lang='lat' dir='ltr'><strong>honorificos</strong></span> <span class='ocrx_word' id='word_1_57' title='bbox 570 1210 668 1276; x_wconf 87' lang='lat' dir='ltr'><strong>saepe</strong></span> <span class='ocrx_word' id='word_1_58' title='bbox 698 1182 792 1254; x_wconf 76' lang='lat' dir='ltr'><strong>inter&#39;</strong></span> <span class='ocrx_word' id='word_1_59' title='bbox 810 1189 927 1255; x_wconf 91' lang='lat' dir='ltr'><strong>amicos</strong></span> <span class='ocrx_word' id='word_1_60' title='bbox 956 1190 1070 1254; x_wconf 77' lang='lat' dir='ltr'><strong>liabeo.</strong></span> <span class='ocrx_word' id='word_1_61' title='bbox 1129 1187 1263 1256; x_wconf 75' lang='lat' dir='ltr'><strong>Granum</strong></span> <span class='ocrx_word' id='word_1_62' title='bbox 1296 1189 1395 1274; x_wconf 83' lang='lat' dir='ltr'><strong>igitur</strong></span> 
     </span>
     <span class='ocr_line' id='line_1_9' title="bbox 290 1296 1395 1379; baseline 0.002 -17"><span class='ocrx_word' id='word_1_63' title='bbox 290 1297 369 1362; x_wconf 90' lang='lat' dir='ltr'><strong>mihi</strong></span> <span class='ocrx_word' id='word_1_64' title='bbox 390 1297 449 1362; x_wconf 85' lang='lat' dir='ltr'><strong>fuit</strong></span> <span class='ocrx_word' id='word_1_65' title='bbox 474 1301 583 1364; x_wconf 89' lang='lat' dir='ltr'><strong>abste</strong></span> <span class='ocrx_word' id='word_1_66' title='bbox 608 1297 877 1363; x_wconf 89' lang='lat' dir='ltr'><strong>adscribendum</strong></span> <span class='ocrx_word' id='word_1_67' title='bbox 904 1296 1047 1379; x_wconf 88' lang='lat' dir='ltr'><strong>invitari,</strong></span> <span class='ocrx_word' id='word_1_68' title='bbox 1079 1321 1116 1363; x_wconf 89' lang='lat' dir='ltr'><strong>ac</strong></span> <span class='ocrx_word' id='word_1_69' title='bbox 1143 1298 1282 1364; x_wconf 91' lang='lat' dir='ltr'><strong>vicissim</strong></span> <span class='ocrx_word' id='word_1_70' title='bbox 1313 1300 1395 1364; x_wconf 88' lang='lat' dir='ltr'><strong>hauc</strong></span> 
     </span>
     <span class='ocr_line' id='line_1_10' title="bbox 289 1405 1392 1494; baseline 0 -22"><span class='ocrx_word' id='word_1_71' title='bbox 289 1428 393 1472; x_wconf 90' lang='lat' dir='ltr'><strong>meam</strong></span> <span class='ocrx_word' id='word_1_72' title='bbox 414 1406 581 1493; x_wconf 87' lang='lat' dir='ltr'><strong>epistelam</strong></span> <span class='ocrx_word' id='word_1_73' title='bbox 601 1407 676 1472; x_wconf 84' lang='lat' dir='ltr'><strong>volo</strong></span> <span class='ocrx_word' id='word_1_74' title='bbox 701 1407 788 1494; x_wconf 88' lang='lat' dir='ltr'><strong>apud</strong></span> <span class='ocrx_word' id='word_1_75' title='bbox 815 1416 846 1472; x_wconf 94' lang='lat' dir='ltr'><strong>tc</strong></span> <span class='ocrx_word' id='word_1_76' title='bbox 869 1415 901 1471; x_wconf 88' lang='lat' dir='ltr'><strong>ot</strong></span> <span class='ocrx_word' id='word_1_77' title='bbox 921 1405 1029 1470; x_wconf 89' lang='lat' dir='ltr'><strong>iudicii</strong></span> <span class='ocrx_word' id='word_1_78' title='bbox 1054 1406 1116 1472; x_wconf 88' lang='lat' dir='ltr'><strong>mei</strong></span> <span class='ocrx_word' id='word_1_79' title='bbox 1139 1415 1254 1476; x_wconf 86' lang='lat' dir='ltr'><strong>testem</strong></span> <span class='ocrx_word' id='word_1_80' title='bbox 1275 1417 1310 1473; x_wconf 89' lang='lat' dir='ltr'><strong>et</strong></span> <span class='ocrx_word' id='word_1_81' title='bbox 1330 1407 1392 1472; x_wconf 86' lang='lat' dir='ltr'><strong>sin·</strong></span> 
     </span>
     <span class='ocr_line' id='line_1_11' title="bbox 290 1513 1394 1604; baseline -0.002 -22"><span class='ocrx_word' id='word_1_82' title='bbox 290 1539 382 1582; x_wconf 89' lang='lat' dir='ltr'><strong>cerae</strong></span> <span class='ocrx_word' id='word_1_83' title='bbox 405 1538 484 1602; x_wconf 83' lang='lat' dir='ltr'><strong>erga</strong></span> <span class='ocrx_word' id='word_1_84' title='bbox 505 1525 537 1580; x_wconf 92' lang='lat' dir='ltr'><strong>te</strong></span> <span class='ocrx_word' id='word_1_85' title='bbox 559 1517 807 1584; x_wconf 85' lang='lat' dir='ltr'><strong>benevolentiae</strong></span> <span class='ocrx_word' id='word_1_86' title='bbox 828 1516 947 1604; x_wconf 85' lang='lat' dir='ltr'><strong>pignus</strong></span> <span class='ocrx_word' id='word_1_87' title='bbox 970 1537 1052 1599; x_wconf 86' lang='lat' dir='ltr'><strong>esse,</strong></span> <span class='ocrx_word' id='word_1_88' title='bbox 1075 1525 1106 1581; x_wconf 92' lang='lat' dir='ltr'><strong>ct</strong></span> <span class='ocrx_word' id='word_1_89' title='bbox 1128 1525 1289 1582; x_wconf 82' lang='lat' dir='ltr'>aeternam</span> <span class='ocrx_word' id='word_1_90' title='bbox 1311 1513 1394 1582; x_wconf 81' lang='lat' dir='ltr'><strong>inter</strong></span> 
     </span>
     <span class='ocr_line' id='line_1_12' title="bbox 291 1625 799 1714; baseline 0.004 -24"><span class='ocrx_word' id='word_1_91' title='bbox 291 1647 351 1690; x_wconf 88' lang='lat' dir='ltr'><strong>nos</strong></span> <span class='ocrx_word' id='word_1_92' title='bbox 374 1625 540 1690; x_wconf 89' lang='lat' dir='ltr'><strong>amicitiam</strong></span> <span class='ocrx_word' id='word_1_93' title='bbox 563 1646 634 1691; x_wconf 87' lang='lat' dir='ltr'><strong>esse</strong></span> <span class='ocrx_word' id='word_1_94' title='bbox 657 1625 799 1714; x_wconf 83' lang='lat' dir='ltr'><strong>opte“¹).</strong></span> 
     </span>
    </p>

    <p class='ocr_par' dir='ltr' id='par_1_5' title="bbox 286 1735 1393 3354">
     <span class='ocr_line' id='line_1_13' title="bbox 331 1735 1393 1822; baseline 0.002 -24"><span class='ocrx_word' id='word_1_95' title='bbox 331 1735 378 1802; x_wconf 87' lang='lat' dir='ltr'><strong>Ita</strong></span> <span class='ocrx_word' id='word_1_96' title='bbox 398 1736 496 1822; x_wconf 84' lang='lat' dir='ltr'><strong>igitur</strong></span> <span class='ocrx_word' id='word_1_97' title='bbox 518 1735 666 1800; x_wconf 83' lang='lat' dir='ltr'><strong>sentienti</strong></span> <span class='ocrx_word' id='word_1_98' title='bbox 694 1757 800 1821; x_wconf 92' lang='lat' dir='ltr'><strong>neque</strong></span> <span class='ocrx_word' id='word_1_99' title='bbox 821 1735 1006 1820; x_wconf 83' lang='lat' dir='ltr'><strong>perversius</strong></span> <span class='ocrx_word' id='word_1_100' title='bbox 1030 1737 1202 1822; x_wconf 87' lang='lat' dir='ltr'><strong>quidquam</strong></span> <span class='ocrx_word' id='word_1_101' title='bbox 1224 1735 1393 1802; x_wconf 87' lang='lat' dir='ltr'><strong>videbatur</strong></span> 
     </span>
     <span class='ocr_line' id='line_1_14' title="bbox 290 1844 1392 1932; baseline -0.002 -22"><span class='ocrx_word' id='word_1_102' title='bbox 290 1868 395 1932; x_wconf 89' lang='lat' dir='ltr'><strong>neque</strong></span> <span class='ocrx_word' id='word_1_103' title='bbox 415 1845 625 1932; x_wconf 81' lang='lat' dir='ltr'><strong>perniciosius</strong></span> <span class='ocrx_word' id='word_1_104' title='bbox 648 1868 742 1931; x_wconf 89' lang='lat' dir='ltr'><strong>quam</strong></span> <span class='ocrx_word' id='word_1_105' title='bbox 772 1844 986 1930; x_wconf 89' lang='lat' dir='ltr'><strong>eloquentiam</strong></span> <span class='ocrx_word' id='word_1_106' title='bbox 1009 1869 1027 1910; x_wconf 89' lang='lat' dir='ltr'><strong>a</strong></span> <span class='ocrx_word' id='word_1_107' title='bbox 1048 1846 1189 1911; x_wconf 86' lang='lat' dir='ltr'><strong>veritatis</strong></span> <span class='ocrx_word' id='word_1_108' title='bbox 1211 1855 1305 1932; x_wconf 90' lang='lat' dir='ltr'><strong>atque</strong></span> <span class='ocrx_word' id='word_1_109' title='bbox 1327 1845 1392 1908; x_wconf 81' lang='lat' dir='ltr'><strong>vir-</strong></span> 
     </span>
     <span class='ocr_line' id='line_1_15' title="bbox 288 1952 1391 2040; baseline -0.001 -23"><span class='ocrx_word' id='word_1_110' title='bbox 288 1954 361 2019; x_wconf 90' lang='lat' dir='ltr'><strong>tutis</strong></span> <span class='ocrx_word' id='word_1_111' title='bbox 384 1953 489 2018; x_wconf 90' lang='lat' dir='ltr'><strong>studio</strong></span> <span class='ocrx_word' id='word_1_112' title='bbox 510 1953 706 2038; x_wconf 86' lang='lat' dir='ltr'><strong>disiungere.</strong></span> <span class='ocrx_word' id='word_1_113' title='bbox 749 1952 917 2018; x_wconf 81' lang='lat' dir='ltr'><strong>Eiusmodi</strong></span> <span class='ocrx_word' id='word_1_114' title='bbox 939 1954 1057 2018; x_wconf 83' lang='lat' dir='ltr'><strong>erroris</strong></span> <span class='ocrx_word' id='word_1_115' title='bbox 1086 1962 1238 2040; x_wconf 88' lang='lat' dir='ltr'><strong>patronus</strong></span> <span class='ocrx_word' id='word_1_116' title='bbox 1261 1975 1391 2040; x_wconf 82' lang='lat' dir='ltr'><strong>praeee-</strong></span> 
     </span>
     <span class='ocr_line' id='line_1_16' title="bbox 290 2061 1390 2148; baseline -0.002 -20"><span class='ocrx_word' id='word_1_117' title='bbox 290 2063 387 2128; x_wconf 88' lang='lat' dir='ltr'><strong>dente</strong></span> <span class='ocrx_word' id='word_1_118' title='bbox 408 2062 518 2128; x_wconf 80' lang='lat' dir='ltr'><strong>se&#39;culo</strong></span> <span class='ocrx_word' id='word_1_119' title='bbox 554 2062 603 2125; x_wconf 87' lang='lat' dir='ltr'><strong>vir</strong></span> <span class='ocrx_word' id='word_1_120' title='bbox 634 2061 822 2127; x_wconf 84' lang='lat' dir='ltr'><strong>excellentis</strong></span> <span class='ocrx_word' id='word_1_121' title='bbox 852 2061 993 2148; x_wconf 86' lang='lat' dir='ltr'><strong>ingenii,</strong></span> <span class='ocrx_word' id='word_1_122' title='bbox 1014 2061 1108 2128; x_wconf 91' lang='lat' dir='ltr'><strong>Picus</strong></span> <span class='ocrx_word' id='word_1_123' title='bbox 1131 2061 1390 2144; x_wconf 85' lang='lat' dir='ltr'><strong>Mirandoleusis,</strong></span> 
     </span>
     <span class='ocr_line' id='line_1_17' title="bbox 288 2170 1389 2261; baseline -0.003 -24"><span class='ocrx_word' id='word_1_124' title='bbox 288 2173 468 2261; x_wconf 83' lang='lat' dir='ltr'><strong>prodierat,</strong></span> <span class='ocrx_word' id='word_1_125' title='bbox 493 2171 627 2258; x_wconf 89' lang='lat' dir='ltr'><strong>epistola</strong></span> <span class='ocrx_word' id='word_1_126' title='bbox 656 2171 696 2237; x_wconf 90' lang='lat' dir='ltr'><strong>ad</strong></span> <span class='ocrx_word' id='word_1_127' title='bbox 719 2170 929 2236; x_wconf 86' lang='lat' dir='ltr'>Hermolaum</span> <span class='ocrx_word' id='word_1_128' title='bbox 949 2171 1130 2237; x_wconf 88' lang='lat' dir='ltr'><strong>Barbarum</strong></span> <span class='ocrx_word' id='word_1_129' title='bbox 1157 2193 1217 2257; x_wconf 89' lang='lat' dir='ltr'><strong>pro</strong></span> <span class='ocrx_word' id='word_1_130' title='bbox 1248 2172 1389 2240; x_wconf 84' lang='lat' dir='ltr'><strong>barbaris</strong></span> 
     </span>
     <span class='ocr_line' id='line_1_18' title="bbox 287 2279 1389 2368; baseline -0.003 -22"><span class='ocrx_word' id='word_1_131' title='bbox 287 2282 322 2346; x_wconf 93' lang='lat' dir='ltr'><strong>id</strong></span> <span class='ocrx_word' id='word_1_132' title='bbox 344 2290 392 2347; x_wconf 89' lang='lat' dir='ltr'><strong>est</strong></span> <span class='ocrx_word' id='word_1_133' title='bbox 412 2280 608 2347; x_wconf 84' lang='lat' dir='ltr'><strong>scholasticis</strong></span> <span class='ocrx_word' id='word_1_134' title='bbox 633 2280 833 2367; x_wconf 87' lang='lat' dir='ltr'><strong>philosophis</strong></span> <span class='ocrx_word' id='word_1_135' title='bbox 857 2281 983 2368; x_wconf 89' lang='lat' dir='ltr'><strong>scripta.</strong></span> <span class='ocrx_word' id='word_1_136' title='bbox 1036 2279 1126 2362; x_wconf 79' lang='lat' dir='ltr'><strong>Quos</strong></span> <span class='ocrx_word' id='word_1_137' title='bbox 1151 2303 1248 2366; x_wconf 90' lang='lat' dir='ltr'><strong>quum</strong></span> <span class='ocrx_word' id='word_1_138' title='bbox 1277 2281 1389 2348; x_wconf 87' lang='lat' dir='ltr'><strong>adver-</strong></span> 
     </span>
     <span class='ocr_line' id='line_1_19' title="bbox 288 2390 1388 2476; baseline -0.002 -21"><span class='ocrx_word' id='word_1_139' title='bbox 288 2414 341 2455; x_wconf 89' lang='lat' dir='ltr'><strong>sus</strong></span> <span class='ocrx_word' id='word_1_140' title='bbox 365 2392 594 2456; x_wconf 84' lang='lat' dir='ltr'><strong>detrectatores</strong></span> <span class='ocrx_word' id='word_1_141' title='bbox 617 2390 699 2456; x_wconf 90' lang='lat' dir='ltr'><strong>iuste</strong></span> <span class='ocrx_word' id='word_1_142' title='bbox 722 2412 764 2454; x_wconf 88' lang='lat' dir='ltr'><strong>cx</strong></span> <span class='ocrx_word' id='word_1_143' title='bbox 784 2399 875 2476; x_wconf 89' lang='lat' dir='ltr'><strong>parte</strong></span> <span class='ocrx_word' id='word_1_144' title='bbox 895 2390 954 2456; x_wconf 89' lang='lat' dir='ltr'><strong>sed</strong></span> <span class='ocrx_word' id='word_1_145' title='bbox 975 2390 1067 2456; x_wconf 91' lang='lat' dir='ltr'><strong>nimis</strong></span> <span class='ocrx_word' id='word_1_146' title='bbox 1090 2390 1205 2456; x_wconf 87' lang='lat' dir='ltr'><strong>acriter</strong></span> <span class='ocrx_word' id='word_1_147' title='bbox 1227 2390 1388 2456; x_wconf 88' lang='lat' dir='ltr'><strong>defendis-</strong></span> 
     </span>
     <span class='ocr_line' id='line_1_20' title="bbox 287 2499 1392 2586; baseline 0.002 -22"><span class='ocrx_word' id='word_1_148' title='bbox 287 2510 345 2585; x_wconf 83' lang='lat' dir='ltr'><strong>set,</strong></span> <span class='ocrx_word' id='word_1_149' title='bbox 363 2500 398 2564; x_wconf 90' lang='lat' dir='ltr'><strong>in</strong></span> <span class='ocrx_word' id='word_1_150' title='bbox 419 2499 586 2586; x_wconf 87' lang='lat' dir='ltr'><strong>opiniones</strong></span> <span class='ocrx_word' id='word_1_151' title='bbox 608 2499 788 2586; x_wconf 84' lang='lat' dir='ltr'><strong>paradoxas</strong></span> <span class='ocrx_word' id='word_1_152' title='bbox 821 2509 852 2564; x_wconf 89' lang='lat' dir='ltr'><strong>et</strong></span> <span class='ocrx_word' id='word_1_153' title='bbox 883 2500 977 2564; x_wconf 70' lang='lat' dir='ltr'><strong>fadsas</strong></span> <span class='ocrx_word' id='word_1_154' title='bbox 1009 2500 1175 2566; x_wconf 88' lang='lat' dir='ltr'><strong>inciderat.</strong></span> <span class='ocrx_word' id='word_1_155' title='bbox 1228 2499 1291 2566; x_wconf 84' lang='lat' dir='ltr'><strong>Eas</strong></span> <span class='ocrx_word' id='word_1_156' title='bbox 1326 2500 1392 2566; x_wconf 87' lang='lat' dir='ltr'><strong>Me-</strong></span> 
     </span>
     <span class='ocr_line' id='line_1_21' title="bbox 287 2609 1390 2696; baseline 0 -22"><span class='ocrx_word' id='word_1_157' title='bbox 287 2609 470 2692; x_wconf 90' lang='lat' dir='ltr'><strong>lauchthon,</strong></span> <span class='ocrx_word' id='word_1_158' title='bbox 499 2609 663 2674; x_wconf 88' lang='lat' dir='ltr'><strong>Hermolai</strong></span> <span class='ocrx_word' id='word_1_159' title='bbox 686 2609 815 2675; x_wconf 91' lang='lat' dir='ltr'><strong>nomine</strong></span> <span class='ocrx_word' id='word_1_160' title='bbox 836 2609 914 2674; x_wconf 88' lang='lat' dir='ltr'><strong>Pico</strong></span> <span class='ocrx_word' id='word_1_161' title='bbox 946 2611 1158 2696; x_wconf 88' lang='lat' dir='ltr'><strong>respondens,</strong></span> <span class='ocrx_word' id='word_1_162' title='bbox 1191 2631 1256 2674; x_wconf 92' lang='lat' dir='ltr'><strong>neu</strong></span> <span class='ocrx_word' id='word_1_163' title='bbox 1276 2611 1390 2692; x_wconf 87' lang='lat' dir='ltr'><strong>minus,</strong></span> 
     </span>
     <span class='ocr_line' id='line_1_22' title="bbox 287 2717 1390 2808; baseline 0.002 -26"><span class='ocrx_word' id='word_1_164' title='bbox 287 2718 457 2803; x_wconf 85' lang='lat' dir='ltr'><strong>ingeniose</strong></span> <span class='ocrx_word' id='word_1_165' title='bbox 480 2741 574 2804; x_wconf 87' lang='lat' dir='ltr'><strong>quam</strong></span> <span class='ocrx_word' id='word_1_166' title='bbox 598 2719 728 2804; x_wconf 88' lang='lat' dir='ltr'><strong>copiose</strong></span> <span class='ocrx_word' id='word_1_167' title='bbox 752 2729 783 2784; x_wconf 92' lang='lat' dir='ltr'><strong>et</strong></span> <span class='ocrx_word' id='word_1_168' title='bbox 803 2718 941 2784; x_wconf 89' lang='lat' dir='ltr'><strong>facunde</strong></span> <span class='ocrx_word' id='word_1_169' title='bbox 963 2717 1081 2784; x_wconf 87' lang='lat' dir='ltr'><strong>refellit</strong></span> <span class='ocrx_word' id='word_1_170' title='bbox 1091 2719 1130 2808; x_wconf 72' lang='grc'><strong>2).</strong></span> <span class='ocrx_word' id='word_1_171' title='bbox 1185 2719 1274 2784; x_wconf 87' lang='lat' dir='ltr'><strong>Duas</strong></span> <span class='ocrx_word' id='word_1_172' title='bbox 1295 2721 1390 2784; x_wconf 86' lang='lat' dir='ltr'><strong>virtu-</strong></span> 
     </span>
     <span class='ocr_line' id='line_1_23' title="bbox 287 2828 1391 2917; baseline 0.001 -25"><span class='ocrx_word' id='word_1_173' title='bbox 287 2836 336 2893; x_wconf 89' lang='lat' dir='ltr'><strong>tes</strong></span> <span class='ocrx_word' id='word_1_174' title='bbox 359 2850 498 2893; x_wconf 87' lang='lat' dir='ltr'><strong>summas</strong></span> <span class='ocrx_word' id='word_1_175' title='bbox 519 2828 655 2894; x_wconf 90' lang='lat' dir='ltr'><strong>hominis</strong></span> <span class='ocrx_word' id='word_1_176' title='bbox 677 2828 824 2917; x_wconf 74' lang='lat' dir='ltr'><strong>proprias</strong></span> <span class='ocrx_word' id='word_1_177' title='bbox 848 2850 919 2894; x_wconf 89' lang='lat' dir='ltr'><strong>esse</strong></span> <span class='ocrx_word' id='word_1_178' title='bbox 952 2828 1045 2910; x_wconf 87' lang='lat' dir='ltr'><strong>dicit,</strong></span> <span class='ocrx_word' id='word_1_179' title='bbox 1071 2837 1178 2894; x_wconf 90' lang='lat' dir='ltr'><strong>mente</strong></span> <span class='ocrx_word' id='word_1_180' title='bbox 1209 2849 1263 2894; x_wconf 86' lang='lat' dir='ltr'><strong>res</strong></span> <span class='ocrx_word' id='word_1_181' title='bbox 1292 2833 1391 2896; x_wconf 89' lang='lat' dir='ltr'><strong>bonas</strong></span> 
     </span>
     <span class='ocr_line' id='line_1_24' title="bbox 288 2937 1391 3025; baseline 0.001 -24"><span class='ocrx_word' id='word_1_182' title='bbox 288 2937 474 3024; x_wconf 85' lang='lat' dir='ltr'><strong>perspicere</strong></span> <span class='ocrx_word' id='word_1_183' title='bbox 498 2961 535 3003; x_wconf 91' lang='lat' dir='ltr'><strong>ac</strong></span> <span class='ocrx_word' id='word_1_184' title='bbox 565 2937 690 3021; x_wconf 82' lang='lat' dir='ltr'><strong>videre,</strong></span> <span class='ocrx_word' id='word_1_185' title='bbox 716 2959 834 3023; x_wconf 89' lang='lat' dir='ltr'><strong>easque</strong></span> <span class='ocrx_word' id='word_1_186' title='bbox 866 2937 1003 3004; x_wconf 90' lang='lat' dir='ltr'><strong>dicendo</strong></span> <span class='ocrx_word' id='word_1_187' title='bbox 1033 2938 1196 3025; x_wconf 85' lang='lat' dir='ltr'><strong>explicare</strong></span> <span class='ocrx_word' id='word_1_188' title='bbox 1228 2949 1260 3004; x_wconf 92' lang='lat' dir='ltr'><strong>et</strong></span> <span class='ocrx_word' id='word_1_189' title='bbox 1288 2947 1391 3003; x_wconf 89' lang='lat' dir='ltr'><strong>osten·</strong></span> 
     </span>
     <span class='ocr_line' id='line_1_25' title="bbox 291 3047 1391 3134; baseline -0.001 -23"><span class='ocrx_word' id='word_1_190' title='bbox 291 3048 370 3112; x_wconf 90' lang='lat' dir='ltr'><strong>dere</strong></span> <span class='ocrx_word' id='word_1_191' title='bbox 392 3047 461 3112; x_wconf 91' lang='lat' dir='ltr'><strong>aliis</strong></span> <span class='ocrx_word' id='word_1_192' title='bbox 484 3068 599 3134; x_wconf 81' lang='lat' dir='ltr'><strong>posse3</strong></span> <span class='ocrx_word' id='word_1_193' title='bbox 630 3048 687 3112; x_wconf 89' lang='lat' dir='ltr'><strong>has</strong></span> <span class='ocrx_word' id='word_1_194' title='bbox 710 3048 841 3113; x_wconf 88' lang='lat' dir='ltr'><strong>virtutes</strong></span> <span class='ocrx_word' id='word_1_195' title='bbox 863 3056 974 3112; x_wconf 79' lang='lat' dir='ltr'><strong>namra</strong></span> <span class='ocrx_word' id='word_1_196' title='bbox 993 3050 1202 3112; x_wconf 84' lang='lat' dir='ltr'><strong>maximarum</strong></span> <span class='ocrx_word' id='word_1_197' title='bbox 1223 3047 1391 3113; x_wconf 90' lang='lat' dir='ltr'><strong>utilitatum</strong></span> 
     </span>
     <span class='ocr_line' id='line_1_26' title="bbox 290 3156 1392 3244; baseline 0 -23"><span class='ocrx_word' id='word_1_198' title='bbox 290 3179 383 3222; x_wconf 89' lang='lat' dir='ltr'><strong>causa</strong></span> <span class='ocrx_word' id='word_1_199' title='bbox 405 3156 565 3244; x_wconf 83' lang='lat' dir='ltr'><strong>copulatas</strong></span> <span class='ocrx_word' id='word_1_200' title='bbox 588 3156 698 3222; x_wconf 91' lang='lat' dir='ltr'><strong>Picum</strong></span> <span class='ocrx_word' id='word_1_201' title='bbox 721 3157 913 3239; x_wconf 85' lang='lat' dir='ltr'><strong>distrahere,</strong></span> <span class='ocrx_word' id='word_1_202' title='bbox 937 3177 1034 3241; x_wconf 93' lang='lat' dir='ltr'><strong>quum</strong></span> <span class='ocrx_word' id='word_1_203' title='bbox 1066 3158 1166 3242; x_wconf 90' lang='lat' dir='ltr'><strong>longe</strong></span> <span class='ocrx_word' id='word_1_204' title='bbox 1189 3157 1306 3223; x_wconf 89' lang='lat' dir='ltr'><strong>rectius</strong></span> <span class='ocrx_word' id='word_1_205' title='bbox 1329 3158 1392 3221; x_wconf 91' lang='lat' dir='ltr'><strong>iam</strong></span> 
     </span>
     <span class='ocr_line' id='line_1_27' title="bbox 286 3265 1390 3354; baseline -0.003 -22"><span class='ocrx_word' id='word_1_206' title='bbox 286 3268 447 3332; x_wconf 87' lang='lat' dir='ltr'><strong>Homerus</strong></span> <span class='ocrx_word' id='word_1_207' title='bbox 468 3268 633 3353; x_wconf 91' lang='lat' dir='ltr'><strong>utriusque</strong></span> <span class='ocrx_word' id='word_1_208' title='bbox 656 3267 786 3332; x_wconf 85' lang='lat' dir='ltr'><strong>laudem</strong></span> <span class='ocrx_word' id='word_1_209' title='bbox 807 3265 1040 3352; x_wconf 88' lang='lat' dir='ltr'><strong>sapientissimo</strong></span> <span class='ocrx_word' id='word_1_210' title='bbox 1062 3267 1200 3354; x_wconf 92' lang='lat' dir='ltr'><strong>principi</strong></span> <span class='ocrx_word' id='word_1_211' title='bbox 1221 3266 1390 3332; x_wconf 88' lang='lat' dir='ltr'><strong>tribuerit:</strong></span> 
     </span>
    </p>

    <p class='ocr_par' dir='ltr' id='par_1_6' title="bbox 288 3363 1391 3895">
     <span class='ocr_line' id='line_1_28' title="bbox 389 3363 1308 3460; baseline -0.001 -22"><span class='ocrx_word' id='word_1_212' title='bbox 389 3373 441 3439; x_wconf 85' lang='lat' dir='ltr'><strong>oei</strong></span> <span class='ocrx_word' id='word_1_213' title='bbox 466 3373 543 3440; x_wconf 81' lang='grc' dir='ltr'><strong>δ’ἔνι</strong></span> <span class='ocrx_word' id='word_1_214' title='bbox 566 3375 625 3458; x_wconf 80' lang='grc' dir='ltr'><strong>μὲν</strong></span> <span class='ocrx_word' id='word_1_215' title='bbox 646 3363 757 3460; x_wconf 69' lang='grc' dir='ltr'><strong>μορφὴ</strong></span> <span class='ocrx_word' id='word_1_216' title='bbox 780 3373 891 3458; x_wconf 78' lang='grc' dir='ltr'><strong><em>ἐπέων,</em></strong></span> <span class='ocrx_word' id='word_1_217' title='bbox 914 3373 957 3440; x_wconf 81' lang='grc' dir='ltr'><strong>ἔνι</strong></span> <span class='ocrx_word' id='word_1_218' title='bbox 984 3374 1019 3438; x_wconf 80' lang='grc' dir='ltr'><strong>δὲ</strong></span> <span class='ocrx_word' id='word_1_219' title='bbox 1043 3374 1158 3460; x_wconf 81' lang='grc' dir='ltr'><strong><em>φρένες</em></strong></span> <span class='ocrx_word' id='word_1_220' title='bbox 1180 3374 1308 3440; x_wconf 70' lang='grc' dir='ltr'><em>ἐσθλαί.</em></span> 
     </span>
     <span class='ocr_line' id='line_1_29' title="bbox 288 3485 1391 3571; baseline -0.002 -22"><span class='ocrx_word' id='word_1_221' title='bbox 288 3485 511 3571; x_wconf 79' lang='lat' dir='ltr'><strong>Eloquentiam</strong></span> <span class='ocrx_word' id='word_1_222' title='bbox 523 3505 587 3550; x_wconf 92' lang='lat' dir='ltr'><strong>nou</strong></span> <span class='ocrx_word' id='word_1_223' title='bbox 603 3507 683 3569; x_wconf 89' lang='lat' dir='ltr'><strong>esse,</strong></span> <span class='ocrx_word' id='word_1_224' title='bbox 697 3496 732 3549; x_wconf 87' lang='lat' dir='ltr'><strong>ut</strong></span> <span class='ocrx_word' id='word_1_225' title='bbox 742 3485 870 3571; x_wconf 88' lang='lat' dir='ltr'><strong>quidam</strong></span> <span class='ocrx_word' id='word_1_226' title='bbox 888 3485 1057 3566; x_wconf 80' lang='lat' dir='ltr'><strong>somnient,</strong></span> <span class='ocrx_word' id='word_1_227' title='bbox 1070 3485 1256 3552; x_wconf 87' lang='lat' dir='ltr'><strong>accersitum</strong></span> <span class='ocrx_word' id='word_1_228' title='bbox 1273 3485 1391 3550; x_wconf 90' lang='lat' dir='ltr'><strong>cultum</strong></span> 
     </span>
     <span class='ocr_line' id='line_1_30' title="bbox 288 3592 1390 3679; baseline -0.005 -20"><span class='ocrx_word' id='word_1_229' title='bbox 288 3603 383 3678; x_wconf 88' lang='lat' dir='ltr'><strong>atque</strong></span> <span class='ocrx_word' id='word_1_230' title='bbox 406 3603 566 3676; x_wconf 74' lang='lat' dir='ltr'><strong>ornatam,</strong></span> <span class='ocrx_word' id='word_1_231' title='bbox 588 3594 647 3659; x_wconf 88' lang='lat' dir='ltr'><strong>sed</strong></span> <span class='ocrx_word' id='word_1_232' title='bbox 670 3594 851 3660; x_wconf 80' lang='lat' dir='ltr'><strong>facultatem</strong></span> <span class='ocrx_word' id='word_1_233' title='bbox 882 3593 1015 3679; x_wconf 88' lang='lat' dir='ltr'><strong>proprie</strong></span> <span class='ocrx_word' id='word_1_234' title='bbox 1052 3616 1089 3659; x_wconf 88' lang='lat' dir='ltr'><strong>ac</strong></span> <span class='ocrx_word' id='word_1_235' title='bbox 1120 3593 1260 3659; x_wconf 90' lang='lat' dir='ltr'><strong>dilucide</strong></span> <span class='ocrx_word' id='word_1_236' title='bbox 1290 3592 1390 3678; x_wconf 87' lang='lat' dir='ltr'><strong>expli-</strong></span> 
     </span>
     <span class='ocr_line' id='line_1_31' title="bbox 290 3699 1391 3786; baseline -0.006 -19"><span class='ocrx_word' id='word_1_237' title='bbox 290 3701 383 3767; x_wconf 90' lang='lat' dir='ltr'><strong>candi</strong></span> <span class='ocrx_word' id='word_1_238' title='bbox 404 3701 581 3767; x_wconf 87' lang='lat' dir='ltr'><strong>animorum</strong></span> <span class='ocrx_word' id='word_1_239' title='bbox 603 3723 696 3766; x_wconf 89' lang='lat' dir='ltr'><strong>sensa</strong></span> <span class='ocrx_word' id='word_1_240' title='bbox 718 3725 755 3766; x_wconf 88' lang='lat' dir='ltr'><strong>ac</strong></span> <span class='ocrx_word' id='word_1_241' title='bbox 777 3699 995 3786; x_wconf 83' lang='lat' dir='ltr'><strong>cogitationes,</strong></span> <span class='ocrx_word' id='word_1_242' title='bbox 1020 3723 1081 3786; x_wconf 90' lang='lat' dir='ltr'><strong>qua</strong></span> <span class='ocrx_word' id='word_1_243' title='bbox 1103 3701 1137 3765; x_wconf 92' lang='lat' dir='ltr'><strong>in</strong></span> <span class='ocrx_word' id='word_1_244' title='bbox 1165 3722 1202 3767; x_wconf 86' lang='lat' dir='ltr'><strong>re</strong></span> <span class='ocrx_word' id='word_1_245' title='bbox 1228 3701 1320 3766; x_wconf 91' lang='lat' dir='ltr'><strong>etiam</strong></span> <span class='ocrx_word' id='word_1_246' title='bbox 1345 3699 1391 3764; x_wconf 89' lang='lat' dir='ltr'><strong>di-</strong></span> 
     </span>
     <span class='ocr_line' id='line_1_32' title="bbox 290 3809 1391 3895; baseline -0.003 -21"><span class='ocrx_word' id='word_1_247' title='bbox 290 3810 402 3895; x_wconf 85' lang='lat' dir='ltr'><strong>gnitati</strong></span> <span class='ocrx_word' id='word_1_248' title='bbox 424 3819 455 3876; x_wconf 93' lang='lat' dir='ltr'><strong>et</strong></span> <span class='ocrx_word' id='word_1_249' title='bbox 477 3810 601 3876; x_wconf 86' lang='lat' dir='ltr'><strong>veritati</strong></span> <span class='ocrx_word' id='word_1_250' title='bbox 629 3810 834 3876; x_wconf 88' lang='lat' dir='ltr'><strong>serviendum</strong></span> <span class='ocrx_word' id='word_1_251' title='bbox 856 3810 907 3892; x_wconf 83' lang='lat' dir='ltr'><strong>sit,</strong></span> <span class='ocrx_word' id='word_1_252' title='bbox 928 3818 963 3874; x_wconf 93' lang='lat' dir='ltr'><strong>ut</strong></span> <span class='ocrx_word' id='word_1_253' title='bbox 983 3818 1054 3895; x_wconf 88' lang='lat' dir='ltr'><strong>apta</strong></span> <span class='ocrx_word' id='word_1_254' title='bbox 1077 3819 1109 3876; x_wconf 92' lang='lat' dir='ltr'><strong>et</strong></span> <span class='ocrx_word' id='word_1_255' title='bbox 1129 3818 1217 3875; x_wconf 91' lang='lat' dir='ltr'><strong>recta</strong></span> <span class='ocrx_word' id='word_1_256' title='bbox 1238 3809 1391 3890; x_wconf 87' lang='lat' dir='ltr'><strong>dicantur,</strong></span> 
     </span>
    </p>
   </div>
   <div class='ocr_carea' id='block_1_5' title="bbox 292 4044 1393 4309">
    <p class='ocr_par' dir='ltr' id='par_1_7' title="bbox 292 4044 1393 4309">
     <span class='ocr_line' id='line_1_33' title="bbox 344 4044 1393 4116; baseline -0.004 -14"><span class='ocrx_word' id='word_1_257' title='bbox 344 4046 371 4116; x_wconf 87' lang='lat'><strong>1)</strong></span> <span class='ocrx_word' id='word_1_258' title='bbox 388 4046 464 4102; x_wconf 84' lang='lat' dir='ltr'><strong>Haec</strong></span> <span class='ocrx_word' id='word_1_259' title='bbox 482 4044 601 4115; x_wconf 85' lang='lat' dir='ltr'><strong>epistola</strong></span> <span class='ocrx_word' id='word_1_260' title='bbox 618 4045 655 4101; x_wconf 83' lang='lat' dir='ltr'><strong>ad</strong></span> <span class='ocrx_word' id='word_1_261' title='bbox 672 4045 857 4101; x_wconf 68' lang='lat' dir='ltr'><strong>(testationem</strong></span> <span class='ocrx_word' id='word_1_262' title='bbox 875 4045 1271 4116; x_wconf 74' lang='lat' dir='ltr'><strong>(seanstelliouemla.1557</strong></span> <span class='ocrx_word' id='word_1_263' title='bbox 1287 4044 1393 4114; x_wconf 90' lang='lat' dir='ltr'><strong>scripta</strong></span> 
     </span>
     <span class='ocr_line' id='line_1_34' title="bbox 292 4141 667 4212; baseline 0 -16"><span class='ocrx_word' id='word_1_264' title='bbox 292 4146 343 4196; x_wconf 89' lang='lat' dir='ltr'><strong>est.</strong></span> <span class='ocrx_word' id='word_1_265' title='bbox 380 4142 409 4197; x_wconf 83' lang='lat' dir='ltr'><strong>G.</strong></span> <span class='ocrx_word' id='word_1_266' title='bbox 428 4141 461 4198; x_wconf 89' lang='lat' dir='ltr'><strong>R.</strong></span> <span class='ocrx_word' id='word_1_267' title='bbox 481 4142 520 4197; x_wconf 88' lang='lat' dir='ltr'><strong>IX</strong></span> <span class='ocrx_word' id='word_1_268' title='bbox 538 4143 591 4200; x_wconf 83' lang='lat'><strong>359</strong></span> <span class='ocrx_word' id='word_1_269' title='bbox 610 4160 667 4212; x_wconf 88' lang='lat' dir='ltr'><strong>seq.</strong></span> 
     </span>
     <span class='ocr_line' id='line_1_35' title="bbox 345 4238 596 4309; baseline -0.004 -16"><span class='ocrx_word' id='word_1_270' title='bbox 345 4238 371 4309; x_wconf 73' lang='lat'><strong>2)</strong></span> <span class='ocrx_word' id='word_1_271' title='bbox 389 4238 429 4292; x_wconf 89' lang='lat' dir='ltr'><strong>lX</strong></span> <span class='ocrx_word' id='word_1_272' title='bbox 447 4239 501 4296; x_wconf 82' lang='grc'><strong>687</strong></span> <span class='ocrx_word' id='word_1_273' title='bbox 520 4256 596 4308; x_wconf 85' lang='lat' dir='ltr'><strong>seqq.</strong></span> 
     </span>
    </p>
   </div>
   <div class='ocr_carea' id='block_1_6' title="bbox 0 0 1598 5090">
    <p class='ocr_par' dir='ltr' id='par_1_8' title="bbox 0 0 1598 5090">
     <span class='ocr_line' id='line_1_36' title="bbox 0 0 1598 5090; baseline 0 0"><span class='ocrx_word' id='word_1_274' title='bbox 0 0 1598 5090; x_wconf 95' lang='lat' dir='ltr'><strong> </strong></span> 
     </span>
    </p>
   </div>
  </div>
 </body>
</html>
