3186 5090
741 317 783 382 55

213 513 331 570 strenuo
353 513 417 570 tota
441 505 582 570 doctrina
608 513 810 572 monstruosa
831 514 880 572 est
901 515 932 572 et
960 507 1072 574 similis
1095 507 1141 572 illi
1173 507 1318 596 picturae

213 613 299 700 apud
319 613 505 680 Horatium:

354 723 502 788 Humano
526 723 618 810 ospiti
641 723 798 789 osrvioom
821 725 922 810 pictor
943 725 1092 812 equinam

355 831 495 917 iungere
514 831 541 896 si
562 831 640 896 velit
664 841 694 896 ot
714 831 817 898 varias.
836 832 989 899 inducero
1008 833 1143 922 plumas.
1248 851 1252 866 ·

213 941 299 1005 Nihil
324 941 356 1006 in
381 962 419 1006 ea
439 942 607 1020 cohaeret3
642 963 707 1006 non
739 939 835 1022 initia,
866 963 929 1007 non
959 943 1217 1030 progressiones,
1249 965 1313 1010 non

214 1049 317 1114 exitus
341 1049 428 1114 cerni
450 1057 595 1136 possunt.
646 1047 732 1114 Talis
767 1049 908 1114 doctrina
938 1071 1003 1116 non
1034 1059 1141 1138 potest
1169 1071 1233 1116 non
1266 1051 1313 1138 gi·
1404 1093 1407 1102 -

213 1179 315 1244 gnere
336 1158 477 1224 infinitos
500 1179 638 1240 errores,
650 1157 801 1222 infinitam
826 1156 1073 1244 dissipationem,
1085 1159 1158 1246 quia
1179 1160 1212 1224 in
1231 1167 1315 1226 tanta

212 1266 398 1332 confusione
420 1266 502 1332 alius
524 1267 611 1332 aliud
633 1257 783 1352 intelligit
802 1275 841 1348 et,
866 1265 942 1334 dum
974 1289 1067 1333 suum
1099 1267 1233 1356 quisquo
1263 1291 1313 1336 so·

212 1376 332 1440 mnium
345 1373 500 1457 defendit,
513 1375 670 1440 exsistunt
690 1375 860 1441 certamina
872 1383 903 1440 ot
927 1375 1152 1444 dissensiones.
1176 1375 1309 1444 Interim

211 1483 421 1548 conscientiae
442 1483 669 1568 relinquuntur
691 1483 900 1568 ambigentes.
932 1481 972 1548 Et
993 1483 1064 1570 quia
1087 1483 1197 1550 nullae
1221 1483 1311 1552 Erin-

210 1614 292 1679 nyes
311 1591 532 1657 vehementius
555 1591 694 1658 cruciant
716 1591 856 1658 animum
879 1615 971 1678 quam
993 1593 1074 1658 haee
1095 1591 1249 1660 dubitatio
1272 1593 1314 1660 do

209 1702 379 1788 religiono,
401 1701 530 1766 tandem
552 1699 625 1766 odio
649 1701 787 1788 quodam
809 1699 953 1767 obiicitur
973 1701 1123 1767 univorsa
1139 1701 1256 1790 religio
1280 1711 1312 1768 et

208 1810 288 1876 fiant
309 1819 433 1876 mentes
453 1811 616 1897 profanae·
643 1819 674 1874 et
700 1807 889 1897 Epicureae.
923 1847 960 1860 -
992 1809 1100 1892 Quum
1123 1809 1221 1900 igitur
1243 1820 1310 1878 tnn-

208 1930 276 1984 tum
297 1920 413 1986 habeat
434 1920 508 1984 mali
537 1918 697 1984 inerudita
729 1919 902 2006 theologie,
924 1919 1017 1986 facile
1037 1919 1169 1986 iudicari
1192 1929 1309 2010 potest,

208 2029 363 2094 ecelesiae
388 2049 469 2116 opus
499 2049 571 2094 esse
593 2028 702 2094 multis
720 2029 845 2114 magnis
868 2028 996 2094 artibus.
1050 2029 1131 2094 Nam
1160 2029 1199 2094 ad
1231 2027 1312 2096 iudi-

143 2191 145 2194 .
205 2137 341 2202 eandum
364 2146 395 2202 et
417 2137 457 2204 ad
478 2147 565 2204 recte
589 2147 620 2202 et
640 2137 780 2204 dilucide
801 2138 1007 2224 explicandas
1027 2159 1080 2204 ros
1102 2137 1265 2204 intricatas
1279 2147 1311 2204 et

209 2247 371 2326 obscuras,
393 2265 458 2310 non
480 2245 554 2310 satis
577 2254 625 2310 est
643 2266 739 2311 nosse
759 2247 838 2310 haee
859 2245 1004 2332 vulgaria
1019 2255 1190 2334 praecepta
1204 2267 1310 2332 gram·

207 2354 336 2420 maticos
359 2364 391 2420 et
418 2354 608 2435 dialectices,
632 2353 691 2444 sod
720 2377 801 2441 opus
827 2363 874 2420 est
900 2353 1068 2444 multiplioi
1093 2353 1244 2422 doctrina.
1269 2391 1312 2404 -

208 2465 349 2532 Omnino
371 2464 529 2530 est-orbis
563 2463 692 2549 quidam
721 2463 846 2546 artium,
872 2487 934 2552 quo
964 2464 1048 2530 inter
1077 2485 1112 2530 so
1142 2461 1309 2530 devinotao

207 2577 438 2662 oopulataeque
460 2581 534 2640 sunt
552 2594 674 2654 onmes,
696 2581 731 2638 ut
752 2573 794 2638 ad
807 2572 949 2660 singulas
963 2571 1189 2661 percipiendas
1209 2571 1309 2638 multa

207 2707 250 2750 ex
272 2683 340 2750 aliis
359 2683 476 2750 assumi
498 2691 660 2770 opo1teat3
685 2705 784 2769 quare
808 2681 961 2748 eeclesiae
988 2704 1068 2770 opus
1093 2690 1142 2747 ost
1162 2689 1228 2749 toto
1252 2682 1309 2750 illo

207 2793 423 2860 doctrinarum
449 2795 543 2859 orbe“
554 2791 591 2878 ¹).

247 2899 339 2966 Haeo
361 2900 402 2964 de
425 2899 588 2985 theologia
609 2921 681 2964 oum
710 2899 795 2965 omni
819 2897 1005 2964 eruditionis
1034 2903 1158 2986 genero
1181 2898 1310 2966 ooniun·

152 3089 155 3095 Ι
207 3009 316 3096 ganda
335 3008 558 3073 Melanohthon
581 3006 695 3073 docuit.
747 3006 835 3072 Inter
858 3027 938 3091 quae
961 3007 1115 3072 nonnulla
1145 3005 1307 3072 attulimus

207 3118 302 3184 simul
324 3117 365 3182 ad
390 3116 670 3204 iurisprudentiam
698 3124 729 3181 et
757 3116 798 3182 ad
820 3115 973 3181 medinam
1002 3124 1101 3181 artem
1125 3116 1309 3204 spectantia.

206 3227 308 3293 Etiam
343 3227 399 3290 hes
422 3225 571 3294 nimirum
595 3247 659 3290 non
689 3225 788 3291 licere
820 3225 929 3291 divelli
962 3225 1088 3291 consuit
1120 3234 1224 3293 atoto
1247 3225 1304 3290 illo

207 3336 422 3402 doctrinarum
452 3335 631 3422 artiumque
655 3337 744 3417 orbe,
768 3334 856 3400 ouius
885 3335 1096 3424 praecipuum
1120 3333 1210 3422 quasi
1240 3333 1307 3398 vin-

206 3445 314 3510 culum
343 3445 547 3532 philosophia
571 3451 630 3534 est.
679 3443 718 3510 Id
741 3445 896 3510 innuens:
929 3443 1170 3532 „Hippocrates
1193 3441 1309 3528 inquit,

206 3554 314 3620 scribit
327 3553 453 3635 alieubi,
475 3553 646 3636 medicum,
669 3553 722 3640 qui
746 3554 785 3618 sit
806 3553 1026 3642 philosophus,
1047 3553 1143 3642 plane
1165 3550 1310 3618 divinum

206 3659 310 3728 dirum
332 3683 414 3728 esse.
444 3661 536 3728 Idem
558 3664 703 3750 profecto
727 3663 767 3728 de
789 3663 919 3729 scientia
940 3664 1019 3728 iuris
1040 3661 1132 3728 etiam
1156 3660 1217 3726 diei
1239 3667 1308 3748 pot·

206 3779 263 3852 est,
288 3769 362 3856 quia
394 3772 497 3836 fontes
520 3770 646 3836 illarum
677 3770 789 3836 artium
822 3780 916 3858 atque
948 3780 1034 3838 ortus
1065 3781 1096 3837 et
1123 3791 1236 3836 causae
1265 3770 1307 3834 ita

159 3934 164 3944 .
207 3879 337 3944 demum
365 3879 453 3943 oerni
481 3888 626 3965 possunt,
656 3879 683 3945 si
711 3880 882 3946 accesserit
911 3880 1135 3969 philosophiae
1164 3876 1309 3945 scientia:

205 3988 285 4054 adeo
296 3985 443 4053 'summis
466 3987 530 4053 illis
549 3988 669 4055 artibus
688 3990 775 4056 addit
786 3991 992 4079 philosophia
1007 4012 1074 4056 non
1088 3975 1184 4056 modo
1199 3988 1308 4053 lumen

153 4241 156 4250 ·
258 4214 283 4283 1)
301 4213 339 4267 XI
357 4213 417 4272 280.
440 4231 496 4284 seq.
