3186 5090
818 351 838 414 6

277 533 497 618 attingendam
511 535 641 619 putabat
661 542 754 620 atque
770 533 1115 620 comprehendendam,
1129 534 1272 620 undique
1286 555 1383 620 quan·

278 643 349 710 dam
370 646 521 712 scientiae
544 646 632 730 quasi
655 647 893 732 possessionem
918 646 1132 732 quaerendam
1163 656 1256 734 atque
1289 667 1384 712 occu·

277 755 442 840 pandam.“
500 754 555 821 Ad
591 755 758 820 discendas
791 755 916 840 linguas
952 763 984 819 ct
1015 763 1111 820 totam
1143 755 1383 842 philosophiam

275 863 406 928 iuvenili
431 863 547 928 ardore
569 885 744 949 aggressus
772 874 828 929 est.
870 863 944 928 Nou
968 873 1087 928 tantum
1110 863 1296 950 theologiae
1322 865 1382 929 scd

279 973 372 1037 etiam
395 971 664 1058 iurisprudentiae
684 980 715 1036 et
735 971 881 1037 medicae
901 972 974 1036 artis
995 981 1222 1058 praeceptores
1241 971 1386 1038 studioso

278 1079 406 1146 audivit.
459 1079 611 1166 Singulas
635 1079 818 1166 disciplinas
841 1091 903 1145 tam
926 1080 1062 1145 feliciter
1090 1081 1249 1162 tractavit,
1271 1091 1306 1145 ut
1327 1081 1385 1145 uni

278 1189 338 1255 soli
364 1211 495 1276 operam
518 1189 648 1254 dedisse
673 1189 775 1255 videri
798 1188 945 1276 potuerit.
1002 1187 1142 1254 Cunctas
1164 1199 1275 1274 postea
1296 1189 1385 1254 Vito-

281 1303 401 1385 bergae
438 1300 545 1364 colere
577 1299 723 1386 porrexit
762 1298 960 1384 collegarum
1001 1299 1199 1385 quorundam
1234 1299 1385 1364 amicissi-

283 1431 409 1474 morum
430 1408 555 1472 adiutus
579 1407 715 1489 auxilio,
740 1407 929 1494 quibuscum
952 1408 994 1472 de
1027 1405 1250 1472 diuersissimis
1274 1408 1383 1490 rebuS,

279 1517 417 1582 maximo
450 1517 542 1582 etiam
565 1516 718 1600 physicis,
748 1515 992 1597 mathematicis
1025 1515 1254 1598 astronomicis,
1278 1525 1385 1582 anato-

278 1625 385 1707 micis,
410 1624 576 1689 coniuncto
599 1624 710 1690 labore
732 1625 816 1712 egit,
842 1647 977 1710 quorum
1001 1623 1163 1689 interdum
1187 1635 1218 1690 et
1237 1623 1384 1690 lectioni-

277 1737 336 1800 bus
359 1735 473 1800 adesse
494 1756 560 1798 non
581 1744 767 1820 aspernatus
792 1743 848 1798 est.
885 1734 997 1818 ltaque
1021 1733 1172 1819 paulatim
1196 1735 1383 1798 universum

279 1843 420 1906 omnium
445 1842 660 1907 doctrinarum
693 1844 822 1923 orbem,
849 1850 1001 1928 quatenns
1031 1852 1105 1907 tuno
1133 1843 1287 1928 temporis
1310 1843 1382 1907 ficri

277 1952 388 2038 potuit,
412 1951 591 2038 amplexus,
614 1953 683 2016 iure
707 1952 845 2035 quodam
875 1951 907 2014 in
935 1973 1125 2036 unaquaque
1147 1973 1211 2015 non
1234 1952 1382 2037 peregri-

277 2061 347 2125 nari
369 2061 428 2125 sed
449 2061 595 2126 habitare.
619 2061 790 2126 dicebatur.
821 2099 863 2108 -
885 2059 948 2124 Tot
968 2082 1046 2124 vero
1069 2070 1198 2146 tamque
1219 2061 1381 2125 variarum

280 2191 389 2235 rerum
413 2180 596 2236 coacervata
616 2171 725 2235 notitia
750 2169 918 2254 quominus
945 2169 1069 2234 ieiunus
1091 2169 1265 2254 aridusque
1286 2170 1381 2256 poly-

281 2281 382 2344 histor
406 2280 572 2362 evadcret,
598 2281 703 2344 inuata
725 2280 780 2344 illa
810 2277 886 2344 huic
914 2279 1045 2366 ingenio
1079 2282 1180 2365 gratia
1210 2279 1384 2363 prohibuit.

278 2390 316 2454 ld
340 2411 466 2475 quoque
488 2391 549 2468 iam
571 2388 603 2451 in
627 2387 831 2453 adolescente
853 2387 984 2473 agnovit
996 2385 1158 2469 Erasmus,
1180 2387 1323 2473 gloriosa
1341 2388 1383 2452 dc

279 2520 317 2562 eo
337 2497 554 2584 praesagiens.
599 2497 721 2578 „eram
753 2520 816 2561 non
839 2519 948 2584 spem,
972 2497 1093 2580 inquit,
1117 2496 1158 2561 do
1188 2518 1223 2561 se
1246 2497 1385 2582 praebet

279 2606 452 2672 admodum
485 2606 578 2672 etiam
606 2606 796 2671 adolescens
827 2627 989 2692 aepacne
1017 2627 1100 2692 puer
1128 2601 1296 2691 Philippus
1318 2605 1383 2670 ltlc-

279 2716 466 2782 lanchthon!
490 2717 575 2801 quod
597 2715 788 2780 inventionis
814 2735 956 2796 acumen,
978 2736 1059 2800 quae
1083 2715 1239 2780 sermonis
1261 2715 1383 2800 puritas

277 2835 372 2910 atque
395 2823 564 2909 elegantia,
589 2847 681 2910 quam
703 2824 886 2890 verecunda
909 2823 1083 2912 regiaeque
1107 2845 1239 2910 prorsus
1263 2821 1379 2888 indolis

279 2933 500 3016 festivitas!“¹)
526 2933 627 2999 Recte
648 2933 833 2999 doachimus
858 2932 1070 3014 Camerarius,
1093 2931 1383 3018 praestantissimus

280 3041 366 3106 illius
390 3042 497 3107 aetatis
521 3042 723 3128 philologus,
751 3041 891 3106 Atticum
919 3041 1039 3126 aliquid
1069 3041 1101 3104 in
1130 3039 1382 3104 Melanchthouis

279 3151 411 3238 ingenio
449 3151 555 3216 inesse
584 3151 635 3216 nit.
695 3150 818 3216 Natura
847 3175 865 3216 a
894 3151 1031 3234 quadam
1062 3148 1240 3235 granditate
1267 3150 1381 3214 abhor—

214 3241 219 3298 Ϊ
282 3269 416 3342 rentem,
439 3259 529 3323 illum
550 3257 701 3324 iudicium
715 3259 973 3344 voluntatemque
996 3258 1191 3324 convertisse
1212 3259 1253 3322 ad
1274 3281 1379 3322 curam

279 3366 385 3455 potius
407 3367 556 3432 versandi
587 3367 620 3430 in
655 3368 791 3450 quodam
821 3367 971 3452 castigato
1003 3375 1034 3431 et
1063 3388 1145 3453 puro
1176 3375 1271 3451 atque
1302 3389 1378 3431 sano

279 3497 403 3561 genere
425 3476 591 3558 orationis,
615 3498 708 3560 quam
738 3477 772 3540 in
799 3475 927 3542 sublimi
959 3485 990 3541 et
1019 3477 1209 3541 vehemente
1233 3485 1264 3540 et
1293 3473 1380 3540 carius

281 3584 467 3672 compositio
489 3607 627 3672 operosa
649 3595 734 3650 esset
761 3585 956 3650 elaborandi.
1009 3583 1083 3648 Non
1111 3585 1201 3648 illum
1231 3583 1377 3651 inanibus

278 3695 384 3760 verbis
407 3696 495 3779 quasi
516 3705 733 3782 perstrepere,
755 3718 820 3758 uon
842 3719 861 3760 a
882 3716 918 3758 rc
937 3694 1100 3781 proposita
1122 3715 1303 3760 sermonem
1327 3696 1379 3759 ab·

280 3803 409 3884 ducere,
431 3825 497 3866 non
517 3802 618 3868 aliena
639 3803 797 3885 intexere,
819 3803 878 3868 scd
901 3803 999 3868 veluti
1019 3802 1099 3867 iutra
1121 3826 1193 3867 suas
1215 3802 1300 3889 ripas
1324 3803 1382 3868 flu-

280 3934 353 3976 men
377 3911 528 3978 orationis
552 3920 711 3978 coercere.
754 3911 844 3976 Nihil
863 3912 970 3977 inesse
988 3911 1021 3975 in
1043 3911 1105 3976 hac
1125 3913 1276 3994 fucatum,
1299 3911 1379 3975 nihil

279 4022 465 4106 inaequale,
508 4021 586 4085 nihil
631 4024 791 4107 ineptum,
830 4021 954 4086 nullum
1007 4019 1176 4108 aucupium
1225 4019 1382 4086 varietatis

332 4235 358 4303 l)
376 4234 408 4288 In
427 4239 549 4290 annotat.
570 4234 613 4289 ad.
637 4236 651 4289 1
672 4233 767 4288 Thess.
