3186 5090
716 385 758 454 35

230 563 337 646 Quam
374 565 501 630 diversa
533 563 639 630 studia
669 564 821 630 historiae
854 565 997 631 subsidio
1031 587 1104 632 esse
1138 567 1285 650 debeant,

186 673 314 759 saepius
345 674 504 738 admonet.
559 672 600 737 Et
628 675 766 760 primum
792 673 921 759 quidem
951 695 1031 761 opus
1057 696 1128 741 esse
1149 697 1286 762 geogra-

186 783 275 869 phia3
310 791 414 847 terrae
436 781 689 867 magnitudinem
720 791 752 847 et
774 782 944 866 regionum
966 783 1043 848 situs
1065 786 1192 850 nescire
1215 806 1286 852 esse

185 913 275 956 suam
300 892 431 955 domum
451 890 612 976 ignorare.
655 889 737 956 Nam
759 891 786 956 si
809 890 931 956 infinita
954 891 1056 957 moles
1079 893 1285 978 cogitaretur,

185 997 212 1062 si
234 999 413 1064 nesciretur
444 999 499 1064 ubi
526 999 713 1085 prophetae,
744 1001 798 1065 ubi
828 998 973 1066 Christus
1005 1000 1208 1066 concionatus
1236 1001 1285 1080 sit,

187 1117 320 1194 quantae
345 1117 452 1172 essent
483 1108 661 1172 animorum
685 1110 847 1174 tenebrae.
901 1109 1010 1190 Quare
1040 1111 1133 1176 etiam
1163 1111 1286 1177 tabulas

188 1216 465 1302 cosmographicas
502 1216 684 1282 utilissimas
722 1239 793 1282 csse
836 1218 1005 1283 adnotavit.
1065 1217 1286 1284 'Filemanuum

186 1325 320 1394 Stellam
352 1324 534 1410 Sigensem,
572 1347 679 1411 quum,
712 1327 817 1392 tabula
850 1327 954 1392 exitus
990 1350 1032 1392 ex
1067 1331 1222 1416 Aegypto
1257 1339 1289 1395 et

186 1434 381 1521 oppidorum
405 1433 603 1500 Palaestinae
635 1435 728 1516 edita,
757 1436 820 1500 iam
849 1436 942 1500 aliam
975 1436 1069 1501 totius
1094 1437 1288 1503 Germaniae

185 1543 325 1608 tabulam
348 1543 505 1608 edendam
527 1553 664 1630 pararet,
682 1543 856 1610 Wilhelmo
871 1544 1012 1631 Principi
1028 1545 1181 1637 Hassensi
1204 1570 1287 1614 corn·

187 1651 350 1716 mendarit
373 1673 520 1736 eumque,
537 1660 572 1715 ut
586 1651 672 1716 illius
690 1651 790 1718 labori
805 1653 934 1735 faveret,
951 1654 1096 1740 impense
1116 1655 1240 1740 rogavit
1249 1656 1285 1742 1).
1395 1685 1408 1712 ι

185 1759 358 1826 Praeterea
381 1759 621 1846 chronologiam
646 1762 785 1826 ostendit
799 1771 943 1827 accurate
958 1762 1084 1827 definiri
1101 1785 1165 1827 non
1179 1787 1285 1851 posse,

186 1870 247 1934 nisi
282 1869 500 1935 astronomicis
524 1869 661 1950 calculis,
672 1869 700 1956 ²)
732 1870 844 1953 quibus
867 1878 898 1933 et
918 1871 1108 1958 geographo
1132 1895 1287 1959 perquam

188 2001 268 2066 opus
292 1987 385 2060 esset,
402 1978 562 2043 adhibitis.
587 1977 746 2044 Chronica
759 1987 902 2042 veterum
920 1980 1104 2065 colligenda
1117 1991 1149 2045 et
1162 1981 1290 2046 edenda

186 2089 259 2172 ipse
283 2088 420 2168 curavit;
444 2089 535 2153 etiam
556 2087 780 2174 inscriptiones
804 2097 836 2151 et
857 2087 1038 2173 diplomata,
1060 2099 1286 2175 quaererent,

185 2197 387 2286 inspicienda
409 2205 503 2282 atque
526 2197 737 2262 examinanda
759 2219 829 2262 esse
851 2197 968 2284 passim
990 2197 1194 2285 significatu.

228 2305 267 2371 In
296 2306 444 2370 universa
474 2307 534 2370 hac
560 2327 687 2391 quoque
719 2305 905 2370 eruditionis
935 2315 1024 2392 parte
1056 2316 1087 2371 et
1116 2308 1287 2372 multorum

186 2415 312 2479 labores
328 2414 415 2495 fovit,
439 2413 680 2495 commendavit,
705 2413 859 2479 librorum
881 2413 1130 2499 praefationibus
1154 2416 1286 2497 ornavit,

188 2532 219 2588 et
240 2523 496 2588 adolescentibus
519 2520 673 2609 imprimis
696 2521 781 2585 utilis
811 2544 882 2587 esse
910 2522 1039 2586 studuit.
1093 2521 1202 2602 Quare
1223 2545 1287 2587 non

186 2641 306 2697 tantum
330 2655 432 2718 usque
461 2631 501 2696 ad
532 2631 679 2696 ultimum
704 2620 787 2695 vitae
819 2654 936 2695 annum
968 2631 1130 2696 historiam
1159 2631 1287 2718 publice

187 2743 303 2825 docuit,
326 2742 385 2807 sed
415 2741 509 2806 etiam
532 2740 679 2826 discipuli
702 2739 750 2804 sui
773 2739 919 2805 (larionis
942 2735 1126 2805 Chronieon
1149 2740 1287 2826 primum

188 2851 389 2933 Germanica,
420 2850 538 2916 deinde
560 2848 673 2915 Latina
694 2849 807 2935 lingua
829 2852 871 2914 ita
900 2850 1088 2931 emundavit,
1115 2851 1212 2933 aurit,
1236 2875 1286 2915 re-

185 2959 305 3041 texuit,
338 2969 373 3024 ut
392 2982 511 3024 novum
532 2981 665 3045 prorsus
689 2981 768 3045 opus
802 2957 962 3022 evaderet.
1018 2957 1115 3038 Quod
1137 2967 1287 3043 posteaa
1329 3031 1334 3040 ,

184 3067 331 3134 Peucero
364 3069 542 3153 perfectum
571 3089 631 3152 per
664 3066 800 3151 longum
831 3075 956 3153 tempus
988 3077 1019 3131 et
1055 3069 1140 3152 apud
1175 3070 1285 3154 plures

186 3188 301 3263 gentes
324 3201 383 3264 pro
418 3179 536 3262 optima
568 3177 719 3242 historiae
746 3177 884 3263 epitome
915 3178 1135 3264 habebaturl).
1190 3179 1289 3244 Multa

186 3285 503 3374 praetereaminora
524 3287 641 3371 scripta
672 3286 821 3352 historica
846 3297 877 3352 et
899 3287 1010 3353 Latine
1044 3297 1075 3353 et
1096 3287 1287 3354 Germanice

187 3396 374 3484 composuit.
414 3395 452 3460 In
474 3395 751 3482 quibus-quamvis
773 3396 871 3460 multa
892 3397 980 3481 quasi
1001 3397 1163 3482 puerilem
1185 3397 1290 3463 adhuc

187 3507 280 3571 etiam
302 3506 396 3570 huius
423 3505 585 3571 doetrinae
608 3513 744 3569 aetatem
765 3504 913 3590 prodant,
941 3514 1048 3570 tamen
1078 3505 1140 3569 alia
1170 3506 1286 3589 insunt,

188 3637 269 3700 quae
291 3614 353 3679 iam
377 3613 761 3701 apud'Melanchthonem
782 3613 917 3678 inveniri
940 3614 1027 3679 haud
1045 3613 1137 3699 pauci
1159 3615 1288 3680 forsitan

236 3806 262 3874 1)
281 3805 320 3858 XI
337 3806 398 3858 656.
417 3801 457 3856 lX
475 3802 536 3856 481.

234 3901 260 3970 2)
278 3899 304 3952 X
320 3898 381 3954 747.
400 3897 439 3950 XI
458 3899 519 3952 162.
538 3897 602 3951 281.
620 3911 677 3965 seq.

237 3996 264 4065 3)
284 3994 324 4048 uf.
342 3993 369 4047 11
392 3994 453 4048 679.
472 3991 526 4046 XII
544 3993 605 4048 385.

236 4092 263 4160 4)
280 4093 339 4146 Iam
362 4091 441 4160 prior
471 4094 553 4157 atqua
576 4085 765 4156 imperfectior
793 4083 929 4154 quaedam
955 4083 1040 4138 edibio
1067 4081 1281 4140 Melanchthone

184 4189 277 4243 adhuc
297 4187 448 4257 superstite
476 4189 576 4254 quater
597 4183 720 4251 Parisiis,
744 4182 787 4236 bis
805 4180 938 4247 venetiis,
956 4180 999 4235 bis
1017 4177 1147 4252 Lugduni
1170 4177 1288 4234 Batavo-

187 4303 250 4340 rum
269 4300 368 4342 recusa
386 4286 437 4337 est.
458 4281 491 4335 C.
511 4279 544 4336 hl.
563 4279 616 4334 XII
633 4280 695 4335 708.
