3186 5090
852 341 893 406 14

317 522 384 588 ritis
391 525 403 606 ,‘
426 525 515 588 cuius
536 545 572 588 se
594 524 685 610 signa
708 523 798 588 velut
817 522 1159 608 gregarium'militem
1182 531 1328 588 secutum
1350 537 1422 590 esse

315 631 386 717 ipse
400 631 626 698 Melanchthon
644 633 866 720 profitetur¹);
889 611 974 698 hunc
990 653 1067 698 vero
1080 631 1245 719 peculiare
1259 630 1418 712 classicae,

315 741 460 827 inprimis
474 741 619 808 Graecae
631 742 801 808 'uetustatis
822 741 989 826 ingenium
1013 750 1045 806 et
1060 741 1258 806 intellexisse
1281 741 1372 806 altius
1388 749 1421 806 et

316 849 405 936 quasi
428 851 555 935 cognati
575 851 669 916 animi
691 859 777 916 motu
810 859 905 936 atquc
935 850 1005 916 nisu
1039 849 1171 936 propius
1205 850 1245 916 ad
1268 849 1348 920 illud
1370 874 1419 914 ao·

316 958 450 1024 cessisse
472 961 542 1024 iure
563 960 676 1046 aliquis
701 960 908 1026 contenderit.

358 1068 425 1134 Iam
453 1069 551 1134 locuti
579 1073 688 1134 sumus
717 1069 758 1134 de
781 1070 947 1134 verissimo
978 1068 1226 1154 tenerrimoquc,
1258 1090 1321 1154 quo
1351 1069 1418 1134 ble-

317 1177 488 1242 lancbtbon
508 1179 736 1261 antecellebat,
767 1178 1013 1265 pulchritudinis
1042 1200 1150 1244 sensu.
1199 1177 1263 1244 Hic
1284 1178 1364 1244 sicut
1385 1180 1418 1242 in

317 1309 426 1352 amore
451 1287 640 1374 conspicuus
664 1297 726 1370 cst,
748 1309 811 1372 quo
835 1309 936 1373 aeque
969 1311 1005 1354 ae
1025 1285 1184 1353 Lntherus
1207 1286 1364 1373 pictorum
1386 1295 1418 1350 et

263 1405 266 1414 ’
314 1396 510 1462 musicorum
532 1419 629 1482 opera
660 1396 911 1483 amplectebatur
941 1395 1095 1480 (musicae
1117 1396 1192 1460 artis
1214 1395 1308 1460 etiam
1330 1395 1418 1460 theo-

314 1504 393 1570 riam
417 1505 622 1593 didicerat2),
653 1506 693 1571 ita
716 1506 813 1570 traxit
836 1513 908 1570 eum
934 1505 974 1570 ad
1004 1504 1248 1592 contemplanda
1270 1512 1416 1568 veterum

315 1615 433 1701 scripta
459 1613 601 1701 indeque
632 1614 771 1680 vicissim
792 1615 989 1679 incrementa
1018 1614 1111 1699 cepit.
1165 1611 1240 1678 Non
1259 1612 1340 1678 hacc
1360 1612 1415 1675 fri-

314 1722 392 1807 gida
415 1731 447 1788 et
469 1723 572 1788 fucata
593 1723 802 1788 admiratione
824 1723 1054 1812 intuetur,sed
1077 1745 1148 1787 cum
1167 1721 1307 1788 ardentis
1327 1735 1414 1786 amo·

316 1831 359 1896 ris
383 1833 507 1901 affectu.
550 1831 606 1900 Sic
629 1833 670 1898 de
692 1833 817 1900 Graeco
840 1843 935 1921 poeta
962 1834 1114 1919 loquens:
1149 1831 1281 1914 ,Quidt
1304 1833 1416 1918 inquit,

315 1939 341 2003 si
371 1940 405 2004 in
435 1941 667 2008 excellentibus
695 1942 826 2028 picturis
856 1942 1106 2029 contemplandis
1138 1965 1298 2028 nunquam
1331 1942 1415 2008 couli

313 2057 550 2132 'exsaturantur,
574 2051 633 2117 sed
657 2072 719 2136 quo
742 2051 857 2116 diutius
879 2051 912 2116 in
933 2052 978 2116 eis
999 2051 1149 2133 haerent,
1173 2073 1211 2116 eo
1234 2051 1337 2136 magis
1360 2051 1414 2116 ad-

312 2158 438 2224 miratio
467 2159 664 2243 videndique
692 2159 847 2246 cupiditas
877 2161 990 2226 erescit
1025 2160 1110 2246 (quis
1144 2159 1227 2224 enim
1256 2168 1413 2240 nostrum,

314 2266 437 2353 quoties
457 2266 491 2331 in
512 2267 667 2353 templum
688 2269 785 2350 venit,
807 2290 871 2332 non
895 2268 988 2332 toties
1011 2269 1129 2332 resistit
1146 2267 1187 2332 ad
1209 2289 1262 2333 eas
1281 2266 1413 2348 tabulas,

313 2398 389 2462 quas
411 2375 456 2440 ibi
484 2376 538 2440 vel
562 2375 710 2442 Durerus
732 2377 786 2442 val
807 2385 918 2442 nostor
936 2375 1039 2442 Lucas
1067 2376 1199 2463 posuit),
1229 2397 1294 2442 non
1327 2375 1413 2440 idem

314 2485 434 2551 accidat
463 2487 496 2550 in
530 2487 665 2572 egregio
694 2495 841 2571 poemate
875 2487 1133 2553 considerando?
1185 2485 1347 2554 Truneum
1378 2508 1417 2550 ac

313 2595 478 2660 caudicem
509 2596 601 2660 illum
623 2597 768 2679 profecto
794 2597 903 2662 dicere
934 2596 1015 2674 nibil
1036 2617 1165 2678 uerear,
1195 2595 1244 2662 cni
1271 2595 1345 2661 satis
1370 2602 1418 2658 est

312 2703 414 2768 semel
448 2713 501 2768 aut
528 2703 644 2770 iterum
681 2705 846 2770 excellens
879 2713 911 2770 et
944 2713 1089 2772 ornatum
1123 2711 1250 2772 carmon
1284 2703 1415 2788 legisse.

311 2812 403 2880 Sicut
422 2813 509 2899 apud
530 2813 706 2900 Virgilium
726 2814 862 2880 mirabili
887 2814 1057 2900 cupiditate
1078 2839 1116 2880 ac
1136 2814 1255 2880 laetitia
1274 2814 1414 2878 intuetur

313 2922 405 2988 coelo
428 2922 604 2988 demissum
626 2925 778 3010 clypeum
799 2925 939 3007 Aeneas,

434 3033 561 3118 expleri
582 3033 694 3118 nequit
712 3043 806 3118 atque
830 3033 940 3099 oculos
962 3055 1023 3120 per
1042 3032 1169 3118 singula
1190 3031 1302 3112 volvit,

429 3141 626 3227 miraturque
649 3142 796 3227 interque
818 3165 930 3208 manus
955 3152 986 3208 et
1009 3143 1139 3208 brachia
1159 3151 1275 3228 versat,
1339 3155 1343 3162 '

311 3249 354 3316 ita
376 3259 408 3316 et
424 3261 484 3316 nos
507 3273 669 3337 nunquam
697 3253 833 3318 satietas
853 3262 907 3318 aut
928 3252 1090 3318 fastidium
1120 3251 1252 3337 legendi
1283 3251 1412 3338 capiat.“

311 3359 353 3424 Et
373 3360 406 3424 in
428 3361 492 3426 alio
517 3362 607 3427 loco:
644 3361 811 3440 „Delectat
833 3370 864 3427 ot
892 3363 962 3446 ipsa
993 3362 1149 3430 orationis,
1166 3361 1334 3427 harmonia
1355 3381 1414 3424 ceu

311 3469 433 3534 musica
463 3471 634 3554 quaedam3
667 3471 754 3537 nulla
784 3481 833 3536 est
861 3473 945 3538 enim
976 3471 1132 3536 cantilena
1161 3470 1286 3562 dulcior
1319 3491 1413 3554 quam

312 3579 412 3644 oratio
434 3580 475 3644 dc
496 3583 593 3648 rebus
611 3581 704 3646 bonis
727 3581 881 3646 concinna
897 3590 929 3646 et
943 3584 1026 3648 bens
1041 3580 1243 3667 composita.“
1275 3577 1415 3664 „Scytha

312 3687 440 3772 quidam
472 3710 568 3773 quum
601 3689 687 3776 apud
712 3688 854 3756 Graecos
884 3689 1040 3755 musicum
1072 3688 1198 3754 audiret
1227 3686 1414 3754 suavissime

313 3805 489 3878 canentem,
511 3795 606 3863 Malle
627 3819 673 3880 se,
695 3797 805 3884 inquit,
828 3799 940 3864 audire
956 3798 1156 3864 hinnientem
1173 3817 1300 3882 equum.
1330 3794 1414 3862 Satis

365 4056 376 4107 1
410 4053 439 4107 C.
456 4051 489 4107 R.
510 4052 523 4104 1
542 4052 603 4108 947.

370 4053 396 4220 al
414 4151 446 4206 In
460 4149 657 4219 vitebergensi
668 4149 840 4204 bibliotheca
854 4149 913 4204 vm
923 4115 1155 4204 naamam,
1166 4147 1291 4204 navans
1304 4144 1415 4200 ausona

312 4245 445 4315 musices,
465 4245 680 4300 Melanebthoni
698 4244 865 4299 dedicatum.
902 4243 943 4298 Cf.
963 4242 992 4297 C.
1010 4243 1043 4298 R.
1061 4244 1095 4298 K
1115 4244 1167 4298 765
1182 4258 1256 4313 seqq.
