<?xml version="1.0" encoding="UTF-8"?>
<!DOCTYPE html PUBLIC "-//W3C//DTD XHTML 1.0 Transitional//EN"
    "http://www.w3.org/TR/xhtml1/DTD/xhtml1-transitional.dtd">
<html xmlns="http://www.w3.org/1999/xhtml" xml:lang="en" lang="en">
 <head>
  <title>
</title>
<meta http-equiv="Content-Type" content="text/html;charset=utf-8" />
  <meta name='ocr-system' content='tesseract 3.04.00' />
  <meta name='ocr-capabilities' content='ocr_page ocr_carea ocr_par ocr_line ocrx_word'/>
</head>
<body>
  <div class='ocr_page' id='page_1' title='image "./dephilippomelan00schlgoog_0074.png"; bbox 0 0 3186 5090; ppageno 0'>
   <div class='ocr_carea' id='block_1_1' title="bbox 813 314 854 382">
    <p class='ocr_par' dir='ltr' id='par_1_1' title="bbox 813 314 854 382">
     <span class='ocr_line' id='line_1_1' title="bbox 813 314 854 382; baseline 0 0"><span class='ocrx_word' id='word_1_1' title='bbox 813 314 854 382; x_wconf 85' lang='lat'>66</span> 
     </span>
    </p>
   </div>
   <div class='ocr_carea' id='block_1_2' title="bbox 201 491 1384 4290">
    <p class='ocr_par' dir='ltr' id='par_1_2' title="bbox 201 491 1384 1451">
     <span class='ocr_line' id='line_1_2' title="bbox 279 491 1377 579; baseline 0.002 -23"><span class='ocrx_word' id='word_1_2' title='bbox 279 514 369 558; x_wconf 90' lang='lat' dir='ltr'>suam</span> <span class='ocrx_word' id='word_1_3' title='bbox 389 492 457 558; x_wconf 86' lang='lat' dir='ltr'>aliis</span> <span class='ocrx_word' id='word_1_4' title='bbox 479 491 692 578; x_wconf 80' lang='lat' dir='ltr'>periculosam</span> <span class='ocrx_word' id='word_1_5' title='bbox 720 493 800 558; x_wconf 70' lang='lat' dir='ltr'>fore·</span> <span class='ocrx_word' id='word_1_6' title='bbox 853 492 895 557; x_wconf 84' lang='lat' dir='ltr'>Et</span> <span class='ocrx_word' id='word_1_7' title='bbox 919 493 1097 579; x_wconf 81' lang='lat' dir='ltr'>prudenter</span> <span class='ocrx_word' id='word_1_8' title='bbox 1124 492 1158 558; x_wconf 91' lang='lat' dir='ltr'>in</span> <span class='ocrx_word' id='word_1_9' title='bbox 1190 492 1377 579; x_wconf 80' lang='lat' dir='ltr'>quibusdam</span> 
     </span>
     <span class='ocr_line' id='line_1_3' title="bbox 280 600 1384 688; baseline -0.001 -22"><span class='ocrx_word' id='word_1_10' title='bbox 280 600 455 668; x_wconf 87' lang='lat' dir='ltr'>civitatibus</span> <span class='ocrx_word' id='word_1_11' title='bbox 487 603 571 667; x_wconf 89' lang='lat' dir='ltr'>benc</span> <span class='ocrx_word' id='word_1_12' title='bbox 602 600 776 666; x_wconf 90' lang='lat' dir='ltr'>constitutis</span> <span class='ocrx_word' id='word_1_13' title='bbox 806 601 971 688; x_wconf 89' lang='lat' dir='ltr'>provisum</span> <span class='ocrx_word' id='word_1_14' title='bbox 1001 610 1058 684; x_wconf 87' lang='lat' dir='ltr'>cst,</span> <span class='ocrx_word' id='word_1_15' title='bbox 1079 625 1120 666; x_wconf 89' lang='lat' dir='ltr'>nc</span> <span class='ocrx_word' id='word_1_16' title='bbox 1143 602 1211 688; x_wconf 87' lang='lat' dir='ltr'>quis</span> <span class='ocrx_word' id='word_1_17' title='bbox 1235 611 1384 668; x_wconf 87' lang='lat' dir='ltr'>exerceat</span> 
     </span>
     <span class='ocr_line' id='line_1_4' title="bbox 278 710 1381 796; baseline 0.001 -21"><span class='ocrx_word' id='word_1_18' title='bbox 278 711 469 776; x_wconf 78' lang='lat' dir='ltr'>medicinam</span> <span class='ocrx_word' id='word_1_19' title='bbox 502 710 572 775; x_wconf 88' lang='lat' dir='ltr'>sine</span> <span class='ocrx_word' id='word_1_20' title='bbox 607 712 789 776; x_wconf 83' lang='lat' dir='ltr'>auctoritate</span> <span class='ocrx_word' id='word_1_21' title='bbox 828 711 958 796; x_wconf 85' lang='lat' dir='ltr'>collegii</span> <span class='ocrx_word' id='word_1_22' title='bbox 994 711 1161 777; x_wconf 87' lang='lat' dir='ltr'>doctorum</span> <span class='ocrx_word' id='word_1_23' title='bbox 1193 711 1381 776; x_wconf 86' lang='lat' dir='ltr'>medicinae.</span> 
     </span>
     <span class='ocr_line' id='line_1_5' title="bbox 282 818 1381 903; baseline -0.001 -19"><span class='ocrx_word' id='word_1_24' title='bbox 282 818 379 899; x_wconf 83' lang='lat' dir='ltr'>Quod</span> <span class='ocrx_word' id='word_1_25' title='bbox 402 819 429 883; x_wconf 87' lang='lat' dir='ltr'>si</span> <span class='ocrx_word' id='word_1_26' title='bbox 449 819 569 903; x_wconf 92' lang='lat' dir='ltr'>ubique</span> <span class='ocrx_word' id='word_1_27' title='bbox 592 829 784 900; x_wconf 84' lang='lat' dir='ltr'>servaretur,</span> <span class='ocrx_word' id='word_1_28' title='bbox 818 821 932 884; x_wconf 88' lang='lat' dir='ltr'>melius</span> <span class='ocrx_word' id='word_1_29' title='bbox 956 821 1133 886; x_wconf 89' lang='lat' dir='ltr'>consultum</span> <span class='ocrx_word' id='word_1_30' title='bbox 1168 829 1251 886; x_wconf 87' lang='lat' dir='ltr'>esset</span> <span class='ocrx_word' id='word_1_31' title='bbox 1280 820 1381 886; x_wconf 93' lang='lat' dir='ltr'>homi-</span> 
     </span>
     <span class='ocr_line' id='line_1_6' title="bbox 279 926 1381 1021; baseline 0 -31"><span class='ocrx_word' id='word_1_32' title='bbox 279 950 356 992; x_wconf 91' lang='lat' dir='ltr'>num</span> <span class='ocrx_word' id='word_1_33' title='bbox 379 927 482 1008; x_wconf 92' lang='lat' dir='ltr'>saluti,</span> <span class='ocrx_word' id='word_1_34' title='bbox 507 950 604 1012; x_wconf 89' lang='lat' dir='ltr'>quum</span> <span class='ocrx_word' id='word_1_35' title='bbox 626 926 659 991; x_wconf 90' lang='lat' dir='ltr'>in</span> <span class='ocrx_word' id='word_1_36' title='bbox 684 928 803 991; x_wconf 85' lang='lat' dir='ltr'>morbis</span> <span class='ocrx_word' id='word_1_37' title='bbox 828 949 892 992; x_wconf 92' lang='lat' dir='ltr'>non</span> <span class='ocrx_word' id='word_1_38' title='bbox 916 928 1105 994; x_wconf 80' lang='lat' dir='ltr'>adhiberent</span> <span class='ocrx_word' id='word_1_39' title='bbox 1126 929 1190 1021; x_wconf 86' lang='lat' dir='ltr'>nisi</span> <span class='ocrx_word' id='word_1_40' title='bbox 1208 930 1309 993; x_wconf 92' lang='lat' dir='ltr'>bonos</span> <span class='ocrx_word' id='word_1_41' title='bbox 1334 928 1381 990; x_wconf 84' lang='lat' dir='ltr'>vi-</span> 
     </span>
     <span class='ocr_line' id='line_1_7' title="bbox 279 1035 1382 1122; baseline 0.002 -22"><span class='ocrx_word' id='word_1_42' title='bbox 279 1059 332 1102; x_wconf 88' lang='lat' dir='ltr'>ros</span> <span class='ocrx_word' id='word_1_43' title='bbox 360 1046 391 1101; x_wconf 91' lang='lat' dir='ltr'>ct</span> <span class='ocrx_word' id='word_1_44' title='bbox 413 1037 523 1102; x_wconf 88' lang='lat' dir='ltr'>doctos</span> <span class='ocrx_word' id='word_1_45' title='bbox 544 1035 716 1102; x_wconf 83' lang='lat' dir='ltr'>medicos“</span> <span class='ocrx_word' id='word_1_46' title='bbox 741 1074 783 1085; x_wconf 50' lang='grc' dir='ltr'>-κ</span> <span class='ocrx_word' id='word_1_47' title='bbox 815 1035 900 1103; x_wconf 86' lang='lat' dir='ltr'>Huic</span> <span class='ocrx_word' id='word_1_48' title='bbox 919 1037 1023 1102; x_wconf 91' lang='lat' dir='ltr'>simile</span> <span class='ocrx_word' id='word_1_49' title='bbox 1054 1037 1175 1122; x_wconf 89' lang='lat' dir='ltr'>aliquid</span> <span class='ocrx_word' id='word_1_50' title='bbox 1206 1061 1291 1104; x_wconf 90' lang='lat' dir='ltr'>nunc</span> <span class='ocrx_word' id='word_1_51' title='bbox 1315 1039 1382 1102; x_wconf 85' lang='lat' dir='ltr'>fere</span> 
     </span>
     <span class='ocr_line' id='line_1_8' title="bbox 279 1144 1380 1232; baseline 0 -22"><span class='ocrx_word' id='word_1_52' title='bbox 279 1145 409 1230; x_wconf 87' lang='lat' dir='ltr'>ubique,</span> <span class='ocrx_word' id='word_1_53' title='bbox 443 1145 537 1210; x_wconf 90' lang='lat' dir='ltr'>etiam</span> <span class='ocrx_word' id='word_1_54' title='bbox 566 1146 650 1210; x_wconf 90' lang='lat' dir='ltr'>inter</span> <span class='ocrx_word' id='word_1_55' title='bbox 679 1144 811 1228; x_wconf 82' lang='lat' dir='ltr'>Tureas,</span> <span class='ocrx_word' id='word_1_56' title='bbox 834 1145 962 1232; x_wconf 82' lang='lat' dir='ltr'>legibus</span> <span class='ocrx_word' id='word_1_57' title='bbox 995 1147 1197 1212; x_wconf 87' lang='lat' dir='ltr'>constitutum</span> <span class='ocrx_word' id='word_1_58' title='bbox 1225 1146 1380 1228; x_wconf 87' lang='lat' dir='ltr'>videmus,</span> 
     </span>
     <span class='ocr_line' id='line_1_9' title="bbox 279 1254 1379 1341; baseline 0 -23"><span class='ocrx_word' id='word_1_59' title='bbox 279 1254 421 1339; x_wconf 85' lang='lat' dir='ltr'>quamuis</span> <span class='ocrx_word' id='word_1_60' title='bbox 443 1276 504 1340; x_wconf 92' lang='lat' dir='ltr'>pro</span> <span class='ocrx_word' id='word_1_61' title='bbox 527 1254 736 1318; x_wconf 88' lang='lat' dir='ltr'>humanarum</span> <span class='ocrx_word' id='word_1_62' title='bbox 758 1276 865 1319; x_wconf 86' lang='lat' dir='ltr'>rerum</span> <span class='ocrx_word' id='word_1_63' title='bbox 893 1254 1064 1340; x_wconf 82' lang='lat' dir='ltr'>fragilitate</span> <span class='ocrx_word' id='word_1_64' title='bbox 1083 1277 1147 1320; x_wconf 93' lang='lat' dir='ltr'>non</span> <span class='ocrx_word' id='word_1_65' title='bbox 1177 1277 1306 1341; x_wconf 86' lang='lat' dir='ltr'>semper</span> <span class='ocrx_word' id='word_1_66' title='bbox 1331 1277 1379 1337; x_wconf 91' lang='lat' dir='ltr'>eo,</span> 
     </span>
     <span class='ocr_line' id='line_1_10' title="bbox 201 1365 784 1451; baseline 0.005 -25"><span class='ocrx_word' id='word_1_67' title='bbox 201 1366 206 1376; x_wconf 91' lang='lat'>&#39;</span> <span class='ocrx_word' id='word_1_68' title='bbox 280 1385 374 1448; x_wconf 91' lang='lat' dir='ltr'>quem</span> <span class='ocrx_word' id='word_1_69' title='bbox 398 1365 454 1428; x_wconf 88' lang='lat' dir='ltr'>ille</span> <span class='ocrx_word' id='word_1_70' title='bbox 474 1367 632 1451; x_wconf 83' lang='lat' dir='ltr'>sperabat,</span> <span class='ocrx_word' id='word_1_71' title='bbox 658 1373 784 1430; x_wconf 84' lang='lat' dir='ltr'>eventu.</span> 
     </span>
    </p>

    <p class='ocr_par' dir='ltr' id='par_1_3' title="bbox 266 1472 1382 3613">
     <span class='ocr_line' id='line_1_11' title="bbox 319 1472 1379 1560; baseline 0.004 -24"><span class='ocrx_word' id='word_1_72' title='bbox 319 1472 492 1559; x_wconf 86' lang='lat' dir='ltr'>Reliquum</span> <span class='ocrx_word' id='word_1_73' title='bbox 515 1483 563 1538; x_wconf 92' lang='lat' dir='ltr'>est</span> <span class='ocrx_word' id='word_1_74' title='bbox 585 1483 621 1538; x_wconf 90' lang='lat' dir='ltr'>ut</span> <span class='ocrx_word' id='word_1_75' title='bbox 642 1475 793 1549; x_wconf 88' lang='lat' dir='ltr'>omnium,</span> <span class='ocrx_word' id='word_1_76' title='bbox 821 1497 897 1560; x_wconf 88' lang='lat' dir='ltr'>quas</span> <span class='ocrx_word' id='word_1_77' title='bbox 921 1474 1184 1560; x_wconf 84' lang='lat' dir='ltr'>perlustravimus</span> <span class='ocrx_word' id='word_1_78' title='bbox 1210 1484 1303 1558; x_wconf 90' lang='lat' dir='ltr'>atquc</span> <span class='ocrx_word' id='word_1_79' title='bbox 1330 1497 1379 1540; x_wconf 89' lang='lat' dir='ltr'>rc-</span> 
     </span>
     <span class='ocr_line' id='line_1_12' title="bbox 266 1583 1377 1670; baseline -0.002 -20"><span class='ocrx_word' id='word_1_80' title='bbox 266 1584 470 1664; x_wconf 87' lang='lat' dir='ltr'>censuimus,</span> <span class='ocrx_word' id='word_1_81' title='bbox 501 1583 716 1649; x_wconf 83' lang='lat' dir='ltr'>doctrinarum</span> <span class='ocrx_word' id='word_1_82' title='bbox 745 1585 923 1670; x_wconf 89' lang='lat' dir='ltr'>artiumque</span> <span class='ocrx_word' id='word_1_83' title='bbox 958 1593 989 1648; x_wconf 91' lang='lat' dir='ltr'>ct</span> <span class='ocrx_word' id='word_1_84' title='bbox 1019 1585 1109 1670; x_wconf 85' lang='lat' dir='ltr'>asyla</span> <span class='ocrx_word' id='word_1_85' title='bbox 1139 1593 1171 1648; x_wconf 86' lang='lat' dir='ltr'>ct</span> <span class='ocrx_word' id='word_1_86' title='bbox 1200 1583 1377 1665; x_wconf 86' lang='lat' dir='ltr'>seminaria,</span> 
     </span>
     <span class='ocr_line' id='line_1_13' title="bbox 278 1691 1378 1778; baseline -0.001 -21"><span class='ocrx_word' id='word_1_87' title='bbox 278 1692 402 1757; x_wconf 88' lang='lat' dir='ltr'>scholas</span> <span class='ocrx_word' id='word_1_88' title='bbox 422 1692 571 1774; x_wconf 91' lang='lat' dir='ltr'>nimirum</span> <span class='ocrx_word' id='word_1_89' title='bbox 593 1693 645 1757; x_wconf 91' lang='lat' dir='ltr'>vel</span> <span class='ocrx_word' id='word_1_90' title='bbox 669 1694 858 1776; x_wconf 82' lang='lat' dir='ltr'>academias,</span> <span class='ocrx_word' id='word_1_91' title='bbox 878 1693 1067 1773; x_wconf 82' lang='lat' dir='ltr'>intueamur.</span> <span class='ocrx_word' id='word_1_92' title='bbox 1112 1692 1256 1774; x_wconf 82' lang='lat' dir='ltr'>Quarum</span> <span class='ocrx_word' id='word_1_93' title='bbox 1277 1691 1378 1778; x_wconf 82' lang='lat' dir='ltr'>digni·</span> 
     </span>
     <span class='ocr_line' id='line_1_14' title="bbox 277 1801 1380 1888; baseline -0.003 -20"><span class='ocrx_word' id='word_1_94' title='bbox 277 1813 324 1868; x_wconf 85' lang='lat' dir='ltr'>tas</span> <span class='ocrx_word' id='word_1_95' title='bbox 360 1812 476 1886; x_wconf 88' lang='lat' dir='ltr'>quanta</span> <span class='ocrx_word' id='word_1_96' title='bbox 508 1801 745 1868; x_wconf 86' lang='lat' dir='ltr'>Melanchthoni</span> <span class='ocrx_word' id='word_1_97' title='bbox 781 1825 852 1868; x_wconf 91' lang='lat' dir='ltr'>esse</span> <span class='ocrx_word' id='word_1_98' title='bbox 883 1803 1037 1886; x_wconf 88' lang='lat' dir='ltr'>videatur,</span> <span class='ocrx_word' id='word_1_99' title='bbox 1072 1825 1113 1868; x_wconf 83' lang='lat' dir='ltr'>ex</span> <span class='ocrx_word' id='word_1_100' title='bbox 1145 1803 1194 1886; x_wconf 85' lang='lat' dir='ltr'>iis,</span> <span class='ocrx_word' id='word_1_101' title='bbox 1229 1824 1309 1888; x_wconf 91' lang='lat' dir='ltr'>quae</span> <span class='ocrx_word' id='word_1_102' title='bbox 1340 1801 1380 1865; x_wconf 93' lang='lat' dir='ltr'>de</span> 
     </span>
     <span class='ocr_line' id='line_1_15' title="bbox 276 1911 1379 1999; baseline -0.002 -21"><span class='ocrx_word' id='word_1_103' title='bbox 276 1935 400 1978; x_wconf 90' lang='lat' dir='ltr'>summo</span> <span class='ocrx_word' id='word_1_104' title='bbox 424 1913 518 1977; x_wconf 86' lang='lat' dir='ltr'>sentit</span> <span class='ocrx_word' id='word_1_105' title='bbox 539 1913 633 1976; x_wconf 88' lang='lat' dir='ltr'>unius</span> <span class='ocrx_word' id='word_1_106' title='bbox 657 1913 809 1999; x_wconf 87' lang='lat' dir='ltr'>cuiusque</span> <span class='ocrx_word' id='word_1_107' title='bbox 832 1913 1018 1998; x_wconf 86' lang='lat' dir='ltr'>disciplinae</span> <span class='ocrx_word' id='word_1_108' title='bbox 1040 1912 1153 1998; x_wconf 84' lang='lat' dir='ltr'>pretio,</span> <span class='ocrx_word' id='word_1_109' title='bbox 1176 1911 1314 1996; x_wconf 81' lang='lat' dir='ltr'>intelligi</span> <span class='ocrx_word' id='word_1_110' title='bbox 1336 1912 1379 1976; x_wconf 89' lang='lat' dir='ltr'>s·</span> 
     </span>
     <span class='ocr_line' id='line_1_16' title="bbox 278 2020 1381 2108; baseline -0.003 -21"><span class='ocrx_word' id='word_1_111' title='bbox 278 2022 339 2087; x_wconf 91' lang='lat' dir='ltr'>cile</span> <span class='ocrx_word' id='word_1_112' title='bbox 358 2030 473 2108; x_wconf 89' lang='lat' dir='ltr'>potest.</span> <span class='ocrx_word' id='word_1_113' title='bbox 524 2020 640 2107; x_wconf 91' lang='lat' dir='ltr'>Neque</span> <span class='ocrx_word' id='word_1_114' title='bbox 662 2023 795 2086; x_wconf 85' lang='lat' dir='ltr'>forsitan</span> <span class='ocrx_word' id='word_1_115' title='bbox 823 2023 988 2107; x_wconf 89' lang='lat' dir='ltr'>quisquam</span> <span class='ocrx_word' id='word_1_116' title='bbox 1012 2031 1085 2086; x_wconf 86' lang='lat' dir='ltr'>ante</span> <span class='ocrx_word' id='word_1_117' title='bbox 1107 2043 1179 2086; x_wconf 87' lang='lat' dir='ltr'>eum</span> <span class='ocrx_word' id='word_1_118' title='bbox 1203 2021 1381 2086; x_wconf 84' lang='lat' dir='ltr'>academiae</span> 
     </span>
     <span class='ocr_line' id='line_1_17' title="bbox 276 2131 1379 2216; baseline 0 -22"><span class='ocrx_word' id='word_1_119' title='bbox 276 2131 381 2195; x_wconf 88' lang='lat' dir='ltr'>ideam</span> <span class='ocrx_word' id='word_1_120' title='bbox 411 2140 474 2194; x_wconf 89' lang='lat' dir='ltr'>tam</span> <span class='ocrx_word' id='word_1_121' title='bbox 507 2131 601 2196; x_wconf 90' lang='lat' dir='ltr'>altam</span> <span class='ocrx_word' id='word_1_122' title='bbox 625 2132 868 2216; x_wconf 85' lang='lat' dir='ltr'>sublimemque,</span> <span class='ocrx_word' id='word_1_123' title='bbox 899 2155 936 2196; x_wconf 91' lang='lat' dir='ltr'>ac</span> <span class='ocrx_word' id='word_1_124' title='bbox 957 2131 1051 2195; x_wconf 89' lang='lat' dir='ltr'>simul</span> <span class='ocrx_word' id='word_1_125' title='bbox 1075 2153 1117 2196; x_wconf 89' lang='lat' dir='ltr'>ex</span> <span class='ocrx_word' id='word_1_126' title='bbox 1141 2139 1224 2194; x_wconf 85' lang='lat' dir='ltr'>tanta</span> <span class='ocrx_word' id='word_1_127' title='bbox 1245 2140 1276 2194; x_wconf 91' lang='lat' dir='ltr'>et</span> <span class='ocrx_word' id='word_1_128' title='bbox 1297 2131 1379 2194; x_wconf 89' lang='lat' dir='ltr'>vitae</span> 
     </span>
     <span class='ocr_line' id='line_1_18' title="bbox 280 2241 1378 2326; baseline 0.001 -22"><span class='ocrx_word' id='word_1_129' title='bbox 280 2251 311 2306; x_wconf 89' lang='lat' dir='ltr'>et</span> <span class='ocrx_word' id='word_1_130' title='bbox 333 2242 474 2306; x_wconf 92' lang='lat' dir='ltr'>omnium</span> <span class='ocrx_word' id='word_1_131' title='bbox 500 2241 714 2307; x_wconf 84' lang='lat' dir='ltr'>doctrinarum</span> <span class='ocrx_word' id='word_1_132' title='bbox 738 2241 920 2326; x_wconf 85' lang='lat' dir='ltr'>cognitione</span> <span class='ocrx_word' id='word_1_133' title='bbox 951 2242 1104 2323; x_wconf 89' lang='lat' dir='ltr'>haustam,</span> <span class='ocrx_word' id='word_1_134' title='bbox 1128 2250 1235 2306; x_wconf 90' lang='lat' dir='ltr'>mente</span> <span class='ocrx_word' id='word_1_135' title='bbox 1268 2262 1378 2306; x_wconf 89' lang='lat' dir='ltr'>conce-</span> 
     </span>
     <span class='ocr_line' id='line_1_19' title="bbox 276 2350 1376 2436; baseline -0.002 -20"><span class='ocrx_word' id='word_1_136' title='bbox 276 2361 375 2436; x_wconf 89' lang='lat' dir='ltr'>perat.</span> <span class='ocrx_word' id='word_1_137' title='bbox 427 2350 642 2416; x_wconf 87' lang='lat' dir='ltr'>Diversorum</span> <span class='ocrx_word' id='word_1_138' title='bbox 672 2351 850 2416; x_wconf 85' lang='lat' dir='ltr'>studiorum</span> <span class='ocrx_word' id='word_1_139' title='bbox 880 2373 944 2415; x_wconf 91' lang='lat' dir='ltr'>non</span> <span class='ocrx_word' id='word_1_140' title='bbox 976 2350 1147 2416; x_wconf 88' lang='lat' dir='ltr'>colluviem</span> <span class='ocrx_word' id='word_1_141' title='bbox 1178 2351 1235 2416; x_wconf 90' lang='lat' dir='ltr'>scd</span> <span class='ocrx_word' id='word_1_142' title='bbox 1268 2372 1376 2415; x_wconf 86' lang='lat' dir='ltr'>veram</span> 
     </span>
     <span class='ocr_line' id='line_1_20' title="bbox 280 2458 1382 2540; baseline -0.004 -15"><span class='ocrx_word' id='word_1_143' title='bbox 280 2460 545 2525; x_wconf 87' lang='lat' dir='ltr'>consociationem</span> <span class='ocrx_word' id='word_1_144' title='bbox 579 2483 649 2526; x_wconf 87' lang='lat' dir='ltr'>esse</span> <span class='ocrx_word' id='word_1_145' title='bbox 679 2461 874 2526; x_wconf 88' lang='lat' dir='ltr'>academiam</span> <span class='ocrx_word' id='word_1_146' title='bbox 907 2459 1022 2540; x_wconf 82' lang='lat' dir='ltr'>voluit3</span> <span class='ocrx_word' id='word_1_147' title='bbox 1055 2483 1120 2524; x_wconf 93' lang='lat' dir='ltr'>non</span> <span class='ocrx_word' id='word_1_148' title='bbox 1152 2458 1382 2524; x_wconf 87' lang='lat' dir='ltr'>mercenariam</span> 
     </span>
     <span class='ocr_line' id='line_1_21' title="bbox 277 2567 1375 2655; baseline -0.002 -23"><span class='ocrx_word' id='word_1_149' title='bbox 277 2591 386 2634; x_wconf 88' lang='lat' dir='ltr'>rerum</span> <span class='ocrx_word' id='word_1_150' title='bbox 415 2569 456 2635; x_wconf 90' lang='lat' dir='ltr'>ad</span> <span class='ocrx_word' id='word_1_151' title='bbox 485 2579 570 2636; x_wconf 88' lang='lat' dir='ltr'>certa</span> <span class='ocrx_word' id='word_1_152' title='bbox 600 2570 757 2655; x_wconf 88' lang='lat' dir='ltr'>quaedam</span> <span class='ocrx_word' id='word_1_153' title='bbox 791 2592 925 2636; x_wconf 87' lang='lat' dir='ltr'>munera</span> <span class='ocrx_word' id='word_1_154' title='bbox 956 2568 1104 2635; x_wconf 86' lang='lat' dir='ltr'>obeunda</span> <span class='ocrx_word' id='word_1_155' title='bbox 1126 2567 1375 2634; x_wconf 88' lang='lat' dir='ltr'>necessariarum</span> 
     </span>
     <span class='ocr_line' id='line_1_22' title="bbox 275 2676 1378 2763; baseline -0.003 -21"><span class='ocrx_word' id='word_1_156' title='bbox 275 2678 469 2763; x_wconf 82' lang='lat' dir='ltr'>magistram,</span> <span class='ocrx_word' id='word_1_157' title='bbox 494 2679 553 2744; x_wconf 89' lang='lat' dir='ltr'>sed</span> <span class='ocrx_word' id='word_1_158' title='bbox 577 2687 609 2743; x_wconf 88' lang='lat' dir='ltr'>et</span> <span class='ocrx_word' id='word_1_159' title='bbox 632 2678 756 2743; x_wconf 90' lang='lat' dir='ltr'>solidae</span> <span class='ocrx_word' id='word_1_160' title='bbox 780 2677 977 2758; x_wconf 88' lang='lat' dir='ltr'>eruditionis,</span> <span class='ocrx_word' id='word_1_161' title='bbox 1000 2687 1031 2742; x_wconf 90' lang='lat' dir='ltr'>ct</span> <span class='ocrx_word' id='word_1_162' title='bbox 1053 2676 1253 2742; x_wconf 89' lang='lat' dir='ltr'>humanitatis</span> <span class='ocrx_word' id='word_1_163' title='bbox 1269 2697 1378 2740; x_wconf 79' lang='lat' dir='ltr'>vorac-</span> 
     </span>
     <span class='ocr_line' id='line_1_23' title="bbox 276 2773 1379 2874; baseline -0.004 -22"><span class='ocrx_word' id='word_1_164' title='bbox 276 2809 337 2872; x_wconf 90' lang='lat' dir='ltr'>que</span> <span class='ocrx_word' id='word_1_165' title='bbox 360 2773 483 2874; x_wconf 82' lang='lat' dir='ltr'>pietatis</span> <span class='ocrx_word' id='word_1_166' title='bbox 506 2789 593 2873; x_wconf 89' lang='lat' dir='ltr'>quasi</span> <span class='ocrx_word' id='word_1_167' title='bbox 615 2788 834 2873; x_wconf 64' lang='lat' dir='ltr'>gymnasium</span> <span class='ocrx_word' id='word_1_168' title='bbox 866 2786 1019 2852; x_wconf 86' lang='lat' dir='ltr'>ccclesiae</span> <span class='ocrx_word' id='word_1_169' title='bbox 1042 2795 1074 2852; x_wconf 88' lang='lat' dir='ltr'>et</span> <span class='ocrx_word' id='word_1_170' title='bbox 1094 2785 1292 2871; x_wconf 86' lang='lat' dir='ltr'>reipublicae</span> <span class='ocrx_word' id='word_1_171' title='bbox 1314 2806 1379 2850; x_wconf 91' lang='lat' dir='ltr'>non</span> 
     </span>
     <span class='ocr_line' id='line_1_24' title="bbox 273 2879 1377 2978; baseline -0.005 -18"><span class='ocrx_word' id='word_1_172' title='bbox 273 2906 390 2961; x_wconf 90' lang='lat' dir='ltr'>tantum</span> <span class='ocrx_word' id='word_1_173' title='bbox 407 2896 611 2962; x_wconf 89' lang='lat' dir='ltr'>seminarium</span> <span class='ocrx_word' id='word_1_174' title='bbox 634 2907 664 2960; x_wconf 92' lang='lat' dir='ltr'>ct</span> <span class='ocrx_word' id='word_1_175' title='bbox 688 2896 785 2962; x_wconf 88' lang='lat' dir='ltr'>decus</span> <span class='ocrx_word' id='word_1_176' title='bbox 802 2895 1032 2978; x_wconf 88' lang='lat' dir='ltr'>suavissimum,</span> <span class='ocrx_word' id='word_1_177' title='bbox 1050 2879 1109 2959; x_wconf 88' lang='lat' dir='ltr'>scd</span> <span class='ocrx_word' id='word_1_178' title='bbox 1132 2894 1223 2960; x_wconf 88' lang='lat' dir='ltr'>etiarn</span> <span class='ocrx_word' id='word_1_179' title='bbox 1243 2893 1377 2958; x_wconf 82' lang='lat' dir='ltr'>fortissi-</span> 
     </span>
     <span class='ocr_line' id='line_1_25' title="bbox 275 2999 1380 3089; baseline -0.004 -22"><span class='ocrx_word' id='word_1_180' title='bbox 275 3027 361 3068; x_wconf 92' lang='lat' dir='ltr'>mum</span> <span class='ocrx_word' id='word_1_181' title='bbox 387 3005 541 3068; x_wconf 87' lang='lat' dir='ltr'>adversus</span> <span class='ocrx_word' id='word_1_182' title='bbox 559 3025 653 3068; x_wconf 94' lang='lat' dir='ltr'>omne</span> <span class='ocrx_word' id='word_1_183' title='bbox 671 3025 774 3089; x_wconf 84' lang='lat' dir='ltr'>genus</span> <span class='ocrx_word' id='word_1_184' title='bbox 797 3003 962 3069; x_wconf 89' lang='lat' dir='ltr'>barbariae</span> <span class='ocrx_word' id='word_1_185' title='bbox 976 3002 1266 3089; x_wconf 84' lang='lat' dir='ltr'>propugnaculum.</span> <span class='ocrx_word' id='word_1_186' title='bbox 1291 2999 1380 3064; x_wconf 89' lang='lat' dir='ltr'>Licet</span> 
     </span>
     <span class='ocr_line' id='line_1_26' title="bbox 274 3111 1376 3202; baseline -0.001 -27"><span class='ocrx_word' id='word_1_187' title='bbox 274 3135 353 3178; x_wconf 90' lang='lat' dir='ltr'>vero</span> <span class='ocrx_word' id='word_1_188' title='bbox 376 3115 414 3178; x_wconf 88' lang='lat' dir='ltr'>ab</span> <span class='ocrx_word' id='word_1_189' title='bbox 437 3113 720 3202; x_wconf 21' lang='lat' dir='ltr'>bac-perfectionis</span> <span class='ocrx_word' id='word_1_190' title='bbox 742 3135 856 3178; x_wconf 87' lang='lat' dir='ltr'>norma</span> <span class='ocrx_word' id='word_1_191' title='bbox 879 3121 1028 3198; x_wconf 90' lang='lat' dir='ltr'>quantum</span> <span class='ocrx_word' id='word_1_192' title='bbox 1053 3120 1241 3198; x_wconf 87' lang='lat' dir='ltr'>praesentes</span> <span class='ocrx_word' id='word_1_193' title='bbox 1265 3111 1376 3176; x_wconf 88' lang='lat' dir='ltr'>acade-</span> 
     </span>
     <span class='ocr_line' id='line_1_27' title="bbox 276 3218 1376 3306; baseline -0.003 -20"><span class='ocrx_word' id='word_1_194' title='bbox 276 3225 357 3287; x_wconf 90' lang='lat' dir='ltr'>miae</span> <span class='ocrx_word' id='word_1_195' title='bbox 383 3223 537 3288; x_wconf 89' lang='lat' dir='ltr'>distarent</span> <span class='ocrx_word' id='word_1_196' title='bbox 554 3226 638 3289; x_wconf 88' lang='lat' dir='ltr'>benc</span> <span class='ocrx_word' id='word_1_197' title='bbox 661 3221 927 3303; x_wconf 81' lang='lat' dir='ltr'>animadverterit,</span> <span class='ocrx_word' id='word_1_198' title='bbox 951 3230 1056 3288; x_wconf 90' lang='lat' dir='ltr'>tamen</span> <span class='ocrx_word' id='word_1_199' title='bbox 1087 3229 1118 3286; x_wconf 91' lang='lat' dir='ltr'>et</span> <span class='ocrx_word' id='word_1_200' title='bbox 1143 3220 1297 3306; x_wconf 89' lang='lat' dir='ltr'>quidquid</span> <span class='ocrx_word' id='word_1_201' title='bbox 1321 3218 1376 3284; x_wconf 90' lang='lat' dir='ltr'>ali-</span> 
     </span>
     <span class='ocr_line' id='line_1_28' title="bbox 272 3329 1376 3416; baseline -0.003 -22"><span class='ocrx_word' id='word_1_202' title='bbox 272 3340 424 3416; x_wconf 89' lang='lat' dir='ltr'>quatenus</span> <span class='ocrx_word' id='word_1_203' title='bbox 456 3332 496 3395; x_wconf 92' lang='lat' dir='ltr'>ad</span> <span class='ocrx_word' id='word_1_204' title='bbox 527 3331 614 3410; x_wconf 87' lang='lat' dir='ltr'>illam</span> <span class='ocrx_word' id='word_1_205' title='bbox 644 3331 817 3396; x_wconf 83' lang='lat' dir='ltr'>accedebat</span> <span class='ocrx_word' id='word_1_206' title='bbox 852 3338 944 3414; x_wconf 85' lang='lat' dir='ltr'>grato</span> <span class='ocrx_word' id='word_1_207' title='bbox 982 3329 1088 3395; x_wconf 87' lang='lat' dir='ltr'>animo</span> <span class='ocrx_word' id='word_1_208' title='bbox 1123 3330 1290 3415; x_wconf 85' lang='lat' dir='ltr'>amplexus</span> <span class='ocrx_word' id='word_1_209' title='bbox 1317 3337 1376 3410; x_wconf 88' lang='lat' dir='ltr'>cst,</span> 
     </span>
     <span class='ocr_line' id='line_1_29' title="bbox 273 3438 1377 3526; baseline -0.003 -23"><span class='ocrx_word' id='word_1_210' title='bbox 273 3450 304 3504; x_wconf 88' lang='lat' dir='ltr'>et</span> <span class='ocrx_word' id='word_1_211' title='bbox 326 3463 435 3506; x_wconf 88' lang='lat' dir='ltr'>omnes</span> <span class='ocrx_word' id='word_1_212' title='bbox 458 3441 498 3505; x_wconf 81' lang='lat' dir='ltr'>acl</span> <span class='ocrx_word' id='word_1_213' title='bbox 518 3441 603 3504; x_wconf 88' lang='lat' dir='ltr'>ultra</span> <span class='ocrx_word' id='word_1_214' title='bbox 624 3438 901 3526; x_wconf 82' lang='lat' dir='ltr'>progrediendum</span> <span class='ocrx_word' id='word_1_215' title='bbox 922 3438 1060 3504; x_wconf 85' lang='lat' dir='ltr'>fidenter</span> <span class='ocrx_word' id='word_1_216' title='bbox 1081 3447 1174 3522; x_wconf 89' lang='lat' dir='ltr'>atque</span> <span class='ocrx_word' id='word_1_217' title='bbox 1198 3446 1377 3503; x_wconf 90' lang='lat' dir='ltr'>constanter</span> 
     </span>
     <span class='ocr_line' id='line_1_30' title="bbox 274 3549 468 3613; baseline 0 -1"><span class='ocrx_word' id='word_1_218' title='bbox 274 3549 468 3613; x_wconf 87' lang='lat' dir='ltr'>adhortatus.</span> 
     </span>
    </p>

    <p class='ocr_par' dir='ltr' id='par_1_4' title="bbox 271 3654 1376 4290">
     <span class='ocr_line' id='line_1_31' title="bbox 315 3654 1376 3742; baseline -0.002 -22"><span class='ocrx_word' id='word_1_219' title='bbox 315 3657 404 3722; x_wconf 81' lang='lat' dir='ltr'>inter</span> <span class='ocrx_word' id='word_1_220' title='bbox 426 3681 463 3722; x_wconf 89' lang='lat' dir='ltr'>ea</span> <span class='ocrx_word' id='word_1_221' title='bbox 493 3679 574 3742; x_wconf 89' lang='lat' dir='ltr'>quae</span> <span class='ocrx_word' id='word_1_222' title='bbox 600 3655 831 3742; x_wconf 85' lang='lat' dir='ltr'>impedimento</span> <span class='ocrx_word' id='word_1_223' title='bbox 861 3663 943 3738; x_wconf 88' lang='lat' dir='ltr'>sunt,</span> <span class='ocrx_word' id='word_1_224' title='bbox 979 3655 1145 3740; x_wconf 89' lang='lat' dir='ltr'>quominus</span> <span class='ocrx_word' id='word_1_225' title='bbox 1170 3654 1233 3719; x_wconf 88' lang='lat' dir='ltr'>vita</span> <span class='ocrx_word' id='word_1_226' title='bbox 1265 3655 1376 3720; x_wconf 88' lang='lat' dir='ltr'>acade-</span> 
     </span>
     <span class='ocr_line' id='line_1_32' title="bbox 273 3763 1375 3850; baseline -0.003 -21"><span class='ocrx_word' id='word_1_227' title='bbox 273 3766 353 3830; x_wconf 87' lang='lat' dir='ltr'>mica</span> <span class='ocrx_word' id='word_1_228' title='bbox 375 3768 446 3831; x_wconf 90' lang='lat' dir='ltr'>talis</span> <span class='ocrx_word' id='word_1_229' title='bbox 468 3769 508 3832; x_wconf 90' lang='lat' dir='ltr'>sit</span> <span class='ocrx_word' id='word_1_230' title='bbox 531 3767 632 3850; x_wconf 90' lang='lat' dir='ltr'>qualis</span> <span class='ocrx_word' id='word_1_231' title='bbox 659 3787 729 3830; x_wconf 91' lang='lat' dir='ltr'>csse</span> <span class='ocrx_word' id='word_1_232' title='bbox 757 3765 882 3846; x_wconf 88' lang='lat' dir='ltr'>debeat,</span> <span class='ocrx_word' id='word_1_233' title='bbox 897 3786 994 3849; x_wconf 88' lang='lat' dir='ltr'>saepe</span> <span class='ocrx_word' id='word_1_234' title='bbox 1016 3765 1247 3830; x_wconf 85' lang='lat' dir='ltr'>mercenarium</span> <span class='ocrx_word' id='word_1_235' title='bbox 1270 3763 1375 3845; x_wconf 88' lang='lat' dir='ltr'>istum,</span> 
     </span>
     <span class='ocr_line' id='line_1_33' title="bbox 276 3871 1376 3960; baseline -0.001 -23"><span class='ocrx_word' id='word_1_236' title='bbox 276 3895 371 3959; x_wconf 85' lang='lat' dir='ltr'>quem</span> <span class='ocrx_word' id='word_1_237' title='bbox 386 3873 502 3940; x_wconf 83' lang='lat' dir='ltr'>Graeci</span> <span class='ocrx_word' id='word_1_238' title='bbox 522 3875 687 3956; x_wconf 78' lang='grc' dir='ltr'><em>βάναυσόν</em></span> <span class='ocrx_word' id='word_1_239' title='bbox 710 3873 882 3955; x_wconf 90' lang='lat' dir='ltr'>nominant,</span> <span class='ocrx_word' id='word_1_240' title='bbox 907 3895 1037 3938; x_wconf 89' lang='lat' dir='ltr'>sensum</span> <span class='ocrx_word' id='word_1_241' title='bbox 1057 3875 1162 3960; x_wconf 87' lang='lat' dir='ltr'>primo</span> <span class='ocrx_word' id='word_1_242' title='bbox 1184 3875 1256 3939; x_wconf 91' lang='lat' dir='ltr'>loco</span> <span class='ocrx_word' id='word_1_243' title='bbox 1276 3871 1376 3960; x_wconf 91' lang='lat' dir='ltr'>ponit.</span> 
     </span>
     <span class='ocr_line' id='line_1_34' title="bbox 272 3981 1374 4069; baseline -0.001 -22"><span class='ocrx_word' id='word_1_244' title='bbox 272 3981 334 4048; x_wconf 91' lang='lat' dir='ltr'>Ubi</span> <span class='ocrx_word' id='word_1_245' title='bbox 359 3983 392 4046; x_wconf 90' lang='lat' dir='ltr'>in</span> <span class='ocrx_word' id='word_1_246' title='bbox 417 3983 540 4048; x_wconf 87' lang='lat' dir='ltr'>artibus</span> <span class='ocrx_word' id='word_1_247' title='bbox 558 3983 640 4048; x_wconf 90' lang='lat' dir='ltr'>nihil</span> <span class='ocrx_word' id='word_1_248' title='bbox 662 3983 824 4069; x_wconf 87' lang='lat' dir='ltr'>quaeritur</span> <span class='ocrx_word' id='word_1_249' title='bbox 845 3982 905 4046; x_wconf 91' lang='lat' dir='ltr'>nisi</span> <span class='ocrx_word' id='word_1_250' title='bbox 931 3983 1036 4068; x_wconf 86' lang='lat' dir='ltr'>„quod</span> <span class='ocrx_word' id='word_1_251' title='bbox 1050 3983 1217 4048; x_wconf 89' lang='lat' dir='ltr'>vendibile</span> <span class='ocrx_word' id='word_1_252' title='bbox 1234 3992 1265 4048; x_wconf 93' lang='lat' dir='ltr'>et</span> <span class='ocrx_word' id='word_1_253' title='bbox 1280 4005 1374 4068; x_wconf 89' lang='lat' dir='ltr'>quae·</span> 
     </span>
     <span class='ocr_line' id='line_1_35' title="bbox 271 4090 1374 4177; baseline 0.001 -23"><span class='ocrx_word' id='word_1_254' title='bbox 271 4099 416 4155; x_wconf 90' lang='lat' dir='ltr'>stuosum</span> <span class='ocrx_word' id='word_1_255' title='bbox 442 4099 516 4173; x_wconf 79' lang='lat' dir='ltr'>cst“,</span> <span class='ocrx_word' id='word_1_256' title='bbox 540 4092 726 4156; x_wconf 89' lang='lat' dir='ltr'>humaniora</span> <span class='ocrx_word' id='word_1_257' title='bbox 748 4092 804 4156; x_wconf 89' lang='lat' dir='ltr'>illa</span> <span class='ocrx_word' id='word_1_258' title='bbox 827 4093 940 4174; x_wconf 88' lang='lat' dir='ltr'>studia,</span> <span class='ocrx_word' id='word_1_259' title='bbox 966 4113 1046 4177; x_wconf 87' lang='lat' dir='ltr'>quae</span> <span class='ocrx_word' id='word_1_260' title='bbox 1068 4092 1293 4157; x_wconf 89' lang='lat' dir='ltr'>Melanchthon</span> <span class='ocrx_word' id='word_1_261' title='bbox 1308 4090 1374 4155; x_wconf 94' lang='lat' dir='ltr'>Ho-</span> 
     </span>
     <span class='ocr_line' id='line_1_36' title="bbox 273 4199 1374 4290; baseline -0.001 -27"><span class='ocrx_word' id='word_1_262' title='bbox 273 4201 352 4264; x_wconf 89' lang='lat' dir='ltr'>meri</span> <span class='ocrx_word' id='word_1_263' title='bbox 368 4209 462 4285; x_wconf 88' lang='lat' dir='ltr'>atque</span> <span class='ocrx_word' id='word_1_264' title='bbox 475 4200 639 4266; x_wconf 86' lang='lat' dir='ltr'>Musarum</span> <span class='ocrx_word' id='word_1_265' title='bbox 658 4201 772 4286; x_wconf 88' lang='lat' dir='ltr'>figuris</span> <span class='ocrx_word' id='word_1_266' title='bbox 795 4200 1198 4290; x_wconf 71' lang='lat' dir='ltr'>significat„negliguntur</span> <span class='ocrx_word' id='word_1_267' title='bbox 1224 4209 1254 4264; x_wconf 87' lang='lat' dir='ltr'>et</span> <span class='ocrx_word' id='word_1_268' title='bbox 1269 4199 1374 4286; x_wconf 88' lang='lat' dir='ltr'>despi-</span> 
     </span>
    </p>
   </div>
   <div class='ocr_carea' id='block_1_3' title="bbox 0 0 1598 5090">
    <p class='ocr_par' dir='ltr' id='par_1_5' title="bbox 0 0 1598 5090">
     <span class='ocr_line' id='line_1_37' title="bbox 0 0 1598 5090; baseline 0 1"><span class='ocrx_word' id='word_1_269' title='bbox 0 0 1598 5090; x_wconf 95' lang='lat' dir='ltr'> </span> 
     </span>
    </p>
   </div>
  </div>
 </body>
</html>
