3186 5090
744 396 784 458 41

215 573 302 639 uicos
322 573 487 660 principes
513 583 546 638 et
571 573 604 636 in
625 572 823 658 inquirendis
851 571 991 637 historiis
1012 571 1155 636 'l'ureicis
1178 570 1315 656 diligen-

214 682 310 747 tiores
323 693 354 748 et
369 683 403 746 in
422 681 610 747 defensione
625 680 745 766 patriae
763 681 994 746 coniunctiores
1009 690 1040 746 et
1050 681 1187 744 acriores
1204 683 1309 744 esse.“

214 767 344 876 „Regat
363 790 455 855 Deus
478 812 589 856 eorum
610 790 742 871 animos,
764 811 806 852 ne
828 797 881 852 aut
901 789 982 853 odiis
1004 797 1057 853 aut
1075 785 1246 852 ambitione
1266 785 1311 850 in-

217 899 304 965 censi
331 900 464 986 patriam
486 899 676 980 dilacerent3
700 900 758 963 sed
778 907 813 962 ut
832 919 910 962 vere
933 896 1068 983 cognati,
1095 896 1137 960 ita
1153 895 1215 959 sint
1235 895 1316 960 inter

216 1031 251 1072 se
273 1030 351 1073 vere
376 1007 538 1089 Germani,
559 1029 624 1071 nou
647 1009 749 1072 fricata
767 1005 991 1072 benevolentia
1015 1025 1087 1069 sese
1107 1011 1217 1068 mutuo
1233 1025 1316 1068 eom-

217 1115 406 1203 pleetentes,
433 1125 464 1180 et
485 1115 576 1180 salusti
599 1115 758 1180 communi
780 1114 971 1181 Genuaniae
991 1113 1216 1178 et-viciuarum
1239 1133 1336 1196 gen.

218 1225 297 1289 tium
321 1224 519 1290 consulant.“
565 1223 677 1308 „Quid
700 1226 802 1311 magis
824 1224 987 1289 heroicum
1009 1245 1101 1307 quam
1126 1221 1211 1306 quod
1234 1220 1317 1286 Hec-

214 1343 265 1398 tor
289 1333 347 1398 ait:

392 1431 436 1514 εἷς
456 1437 565 1516 οἰωνὸς
588 1435 715 1524 ἄριστος
737 1439 922 1523 ἀμύνασθαι
943 1439 1017 1524 περὶ
1038 1440 1169 1524 πάτρας,

215 1571 313 1612 unum
337 1549 514 1635 auspicium
547 1548 782 1628 felicissimum,
807 1550 930 1614 fortiter
952 1550 1140 1636 depugnare
1165 1556 1196 1614 et
1217 1549 1315 1612 bone·

216 1666 266 1724 ste
286 1658 403 1723 cadere
423 1679 482 1744 pro
504 1659 632 1743 patria?
658 1658 763 1738 Quam
784 1654 972 1723 sententiam
994 1660 1020 1722 si
1043 1659 1083 1723 ob
1104 1656 1213 1723 oculos
1235 1657 1316 1722 etin

215 1766 330 1830 animis
351 1765 501 1851 scriptam
522 1767 585 1832 hoe
605 1777 751 1854 tempore
772 1767 936 1854 principes
954 1768 1118 1848 haberent,
1140 1789 1205 1830 non
1220 1766 1316 1830 vidis-

216 1898 322 1941 semus
346 1875 465 1941 'loreas
496 1874 588 1942 toties
616 1877 678 1940 iam
702 1877 895 1943 Germaniae
923 1885 955 1941 et
977 1876 1156 1942 Christiano
1186 1876 1255 1941 orbi
1275 1876 1318 1940 ita

214 1984 346 2070 impune
367 1983 565 2064 insultantes,
597 2005 656 2049 nec
686 2006 797 2049 eorum
826 1984 998 2049 adventum
1030 1984 1110 2048 adeo
1147 1983 1317 2068 perhorre-

217 2089 415 2148 sceremus.“
458 2083 582 2150 Idcirco
607 2094 638 2148 et
655 2093 805 2165 „veteres
830 2083 1039 2150 Germanicos
1070 2083 1194 2164 heroas,
1218 2083 1317 2147 Oaro-

215 2193 278 2276 los,
299 2193 464 2274 llenrieos,
490 2189 644 2274 Othones,
667 2192 874 2258 Fridericos“
893 2193 926 2257 in
940 2194 1053 2280 populi
1067 2195 1115 2258 sui
1132 2192 1317 2258 memoriam

215 2311 357 2384 revocat,
382 2310 414 2366 et
435 2300 535 2366 Taciti
560 2301 600 2366 dc
616 2298 787 2366 Germania
808 2301 953 2366 libellum
972 2301 1225 2367 adolescentibus
1242 2322 1314 2386 pro-

214 2410 314 2494 ponit,
339 2421 374 2475 ut
393 2411 514 2497 patriae
537 2433 626 2476 amor
646 2410 679 2474 in
698 2432 810 2476 eorum
829 2409 940 2475 animis
972 2410 1163 2476 accendatur
1185 2421 1216 2475 et
1236 2410 1315 2492 „ho-
1338 2431 1348 2450 ·

215 2528 305 2584 ueste
328 2520 479 2603 exempla
499 2521 655 2584 maiorum
677 2518 850 2584 acerrimos
874 2519 993 2584 addant
1014 2519 1315 2607 stimulos-genero·

215 2629 257 2693 sis
281 2627 424 2692 naturis“
433 2629 471 2714 1).
516 2627 576 2694 Hie
598 2628 631 2692 id
654 2649 780 2712 quoque
803 2638 978 2717 memoratu
1012 2628 1147 2713 (liguum
1177 2627 1313 2707 videtur,

215 2737 387 2821 quodiam
418 2737 639 2802 blelanchthon
661 2758 809 2820 magnam
830 2737 925 2800 futuri
957 2737 1108 2822 temporis
1131 2757 1220 2822 spem
1246 2759 1316 2801 cum

216 2846 340 2912 dnobus
363 2845 502 2911 maxime
525 2845 641 2910 veteris
664 2846 837 2911 memoriae
851 2844 1032 2911 nominibus
1048 2846 1220 2931 coniungit,
1235 2867 1315 2930 quae

214 2964 328 3041 postea
349 2953 445 3018 simili
474 2976 572 3020 sensu
602 2955 729 3039 saepius
751 2955 937 3019 resuscitata
954 2962 1035 3036 sunt,
1058 2953 1213 3021 Friderici
1237 2954 1315 3019 Bar·

214 3064 366 3128 barossae
389 3072 421 3128 et
441 3062 588 3126 Arminii.
640 3062 723 3147 Spes
752 3085 812 3150 pro
841 3063 972 3128 illorum
1001 3071 1179 3148 temporum
1208 3061 1315 3128 condi-

212 3171 362 3237 tione-ea
391 3180 448 3253 est,
479 3172 549 3236 fore
571 3181 605 3236 ut
633 3197 651 3237 a
681 3171 851 3238 Germanis
881 3170 1006 3237 'Furcae
1038 3195 1055 3237 e
1086 3172 1217 3236 sedibus
1250 3170 1316 3235 suis

217 3281 420 3367 depellantur
442 3276 473 3345 et
495 3279 611 3346 Graeci
630 3281 822 3346 liberentur.
847 3281 902 3348 Sic
922 3282 1007 3367 apud
1027 3280 1313 3362 Melanchthonem,

215 3389 439 3473 humaniorum
460 3389 636 3454 litterarum
663 3390 828 3465 cultorem,
849 3390 941 3455 etiam
966 3391 1046 3455 alter
1075 3391 1130 3455 ille
1153 3389 1315 3454 Arminius

213 3499 249 3562 fit
279 3497 475 3564 Graecarum
505 3498 618 3563 artium
648 3497 819 3562 restitutor.
878 3497 945 3564 Sed
975 3499 1074 3584 ipsius
1104 3500 1202 3563 verba
1235 3498 1316 3562 infra

213 3606 372 3692 ponimus.
713 3669 715 3676 ,
768 3593 772 3602 ’

255 3713 309 3778 De
339 3713 495 3779 Friderici
523 3715 738 3780 Barbarossae
766 3717 860 3781 rebus
891 3717 990 3801 gestis
1020 3716 1160 3781 loeutus:
1197 3714 1315 3796 „Nunc

214 3821 339 3904 videtis,
362 3822 473 3907 inquit,
497 3832 612 3906 quanto
636 3826 669 3886 in
689 3823 834 3911 periculo
857 3823 965 3906 simus,
990 3824 1062 3909 quia
1082 3823 1136 3887 diu
1152 3823 1312 3888 neminem

213 3930 351 3996 similem
375 3932 539 3997 custodem
562 3930 687 4016 imperii
710 3932 802 3997 huius
823 3932 999 3997 babuimus.
1021 3931 1203 4018 lntelligitis
1219 3954 1313 4017 quam

214 4042 388 4128 optandum
423 4041 463 4105 sit
492 4040 693 4107 Fridericum
730 4042 868 4126 aliquem
906 4041 1050 4123 exoriri,
1076 4042 1164 4107 euius
1194 4062 1312 4106 nomen

266 4274 292 4344 1)
309 4274 362 4328 XII
380 4275 424 4330 86.
443 4272 482 4326 XI
494 4271 559 4334 402.
578 4273 639 4329 477.
659 4271 778 4328 111565.
798 4287 854 4340 seq.
874 4271 969 4341 (praef.
987 4269 1017 4326 iu
1034 4270 1099 4328 Tac.
1120 4269 1222 4341 Germ.)
