3186 5090
742 349 783 414 57

210 534 341 622 Epicuri
364 557 454 602 more
476 544 582 622 putee,
603 556 725 624 poenas
746 537 906 602 scelerum
925 543 1045 600 mamm
1074 542 1206 621 propter
1224 543 1306 598 tran-

210 645 397 731 quillitatem
418 647 557 711 humano
587 645 722 712 consilio
752 645 906 710 institutas
936 667 1018 726 esse,
1039 666 1152 710 verum
1175 644 1306 708 candus

209 753 359 821 divinitus
380 764 416 819 ut
437 755 500 820 sint
522 755 845 820 commonefactiones
869 754 910 819 dc
932 754 1037 818 divina
1059 753 1201 818 iustitia!

248 863 338 930 Haec
360 863 445 928 enim
467 864 537 950 ipsa
560 872 690 950 praeest
718 863 801 928 vitae
821 862 1011 928 mortalium.
1065 860 1305 927 Potentissimos

211 991 366 1058 quosque,
386 975 527 1060 pollutos
549 973 707 1040 atrocibus
731 972 917 1052 sceleribus,
948 971 1070 1053 „divina
1090 969 1248 1052 Nemesis,
1270 979 1305 1036 ut

210 1079 284 1145 olim
303 1085 485 1162 vocabatur,
501 1081 662 1167 oppressit
682 1079 772 1146 iustis
796 1078 908 1166 poenis
930 1090 962 1144 et
983 1079 1142 1166 opprimet
1157 1077 1303 1146 omnibus

209 1189 370 1254 aeadbua.
413 1188 455 1253 Et
475 1188 677 1269 verissimum
702 1199 749 1254 est
773 1189 890 1254 dictam
913 1187 1011 1253 illud:

304 1297 380 1363 Non
401 1301 490 1380 urbs,
510 1321 575 1362 non
595 1298 700 1384 regio,
722 1321 787 1364 non
809 1306 894 1364 aetas
915 1298 983 1362 ulla
1004 1296 1109 1362 severi

346 1407 456 1473 iudicii
480 1408 650 1495 exemplis,
673 1429 738 1472 non
762 1408 875 1473 domus
895 1407 960 1472 ulla
981 1413 1094 1471 caret“

205 1516 400 1583 Firmissime
421 1526 526 1582 cutem
549 1516 581 1580 in
612 1515 762 1584 cordibus
782 1515 946 1582 hominum
969 1515 1080 1602 legum
1111 1513 1230 1580 sanctio
1253 1535 1302 1578 rc-

204 1627 284 1712 ligio
305 1636 368 1692 cst·
411 1625 519 1713 „Legi
551 1627 681 1690 memini
710 1626 815 1691 omnia
838 1613 1036 1692 Graecorum
1065 1633 1096 1688 et
1116 1621 1303 1690 Latinorum

205 1735 322 1822 scripta
345 1735 386 1800 dc
407 1737 520 1821 legum
545 1735 697 1821 dignitate
722 1745 753 1800 et
776 1736 817 1799 de
838 1733 991 1822 imperiis,
1022 1743 1054 1798 et
1074 1755 1171 1821 saepe
1196 1733 1301 1821 cogito

202 1843 392 1932 praecipuas
415 1843 556 1909 omnium
578 1843 759 1908 sententias.
789 1843 857 1911 Sed
888 1853 993 1909 tamen
1021 1842 1111 1908 nulla
1139 1864 1203 1908 vox
1233 1842 1303 1908 talis
1338 1826 1341 1832 ¹

202 1973 337 2038 usquam
360 1953 474 2017 tradita
507 1961 563 2033 cst,
594 1973 675 2038 quae
703 1950 866 2016 vinculum
891 1960 976 2016 essct
1000 1949 1170 2016 universae
1202 1951 1302 2016 civilis

202 2060 371 2141 societatis,
394 2061 475 2126 sicut
496 2061 558 2125 hoc
580 2060 717 2126 dictum:
753 2060 897 2126 Necesse
921 2069 969 2124 est
996 2059 1128 2126 obedire
1149 2082 1214 2126 non
1235 2068 1301 2125 tau-

202 2179 270 2234 tum
291 2178 426 2257 propter
445 2171 524 2236 iram
539 2171 597 2236 sed
618 2178 752 2256 propter
777 2169 1017 2234 conscicntiam“
1025 2170 1058 2250 ¹).

243 2279 296 2342 Ex
319 2278 370 2344 his
392 2277 484 2344 facile
507 2278 679 2366 colligitur,
703 2279 809 2364 quanti
823 2278 1045 2344 Melanchthon
1059 2278 1305 2364 magistratuum
1328 2273 1332 2280 ’

199 2395 294 2473 atque
315 2387 455 2454 iudicum
478 2409 594 2452 munus
623 2389 744 2453 fecerit.
800 2387 900 2453 Cuius
924 2387 1138 2452 auctoritatem
1167 2395 1198 2451 et
1230 2409 1300 2456 san·

201 2497 337 2562 ctitatem
352 2519 452 2562 unum
464 2495 640 2562 lutherum
661 2496 910 2565 constantissime
933 2497 1110 2562 defendere
1134 2507 1165 2562 et
1186 2496 1300 2563 melius

201 2629 296 2694 quam
322 2608 376 2693 qui
408 2617 500 2672 antea
531 2608 573 2672 de
609 2630 645 2672 ea
678 2629 715 2673 re
739 2609 969 2697 disputaverint
997 2611 1170 2694 vindicare,
1192 2618 1300 2674 contra

199 2719 410 2799 adversarios,
447 2715 501 2803 qui
534 2715 720 2782 seditiosum
755 2717 845 2784 illum
879 2722 1096 2803 nominabant,
1133 2721 1297 2806 asseriti).

200 2827 276 2914 Ipse
310 2826 534 2892 Melanclnhon
565 2826 767 2913 magistratus
798 2829 984 2894 exhortans:
1020 2830 1087 2912 „Ne
1112 2830 1299 2911 existimate,

198 2934 309 3021 inquit,
334 2936 510 3016 stationam,
534 2934 567 3000 in
589 2959 684 3022 quam
713 2935 807 3002 Deua
830 2961 887 3003 vos
912 2939 1056 3019 collocat,
1079 2939 1191 3006 ludum
1216 2961 1297 3004 csse.

193 3045 341 3134 Speculo
370 3046 500 3133 generis
528 3047 659 3111 humani
687 3057 751 3112 est:
789 3055 819 3112 ct
847 3069 905 3113 vos
928 3049 997 3113 vult
1022 3049 1115 3114 Deus
1148 3049 1298 3114 custodes

199 3177 271 3220 esse
294 3155 471 3242 religionis,
495 3155 617 3242 legum,
640 3155 786 3237 institiae,
808 3157 992 3272 disciplinae
1015 3167 1045 3223 et
1065 3158 1181 3247 pacis.“
1210 3159 1299 3239 „Rex

196 3264 347 3350 losephat
369 3272 401 3329 et
422 3263 620 3349 diligentiam
654 3265 812 3332 indicibus
843 3267 999 3354 praecipit
1033 3276 1063 3333 ct
1082 3289 1220 3355 poenam
1243 3289 1298 3332 ne·

198 3375 374 3461 gligentiac
399 3397 435 3456 ac
451 3375 609 3462 perfidiae
631 3376 798 3463 proponit:
821 3375 894 3442 Non
912 3377 1060 3460 hominis,
1074 3377 1183 3464 inquit,
1206 3398 1297 3442 exer-

196 3483 273 3548 cetis
295 3482 459 3564 iudicium,
480 3483 537 3548 sod
559 3484 700 3553 Domini.
723 3521 765 3532 --
792 3485 865 3551 Hoc
886 3495 1091 3575 pracceptum
1115 3507 1244 3575 semper
1266 3487 1296 3552 ia

196 3599 329 3676 pectore
359 3592 600 3658 circumferatur
632 3602 671 3662 et.
693 3617 790 3683 saepe
820 3599 1005 3684 cogitetur.“
1058 3599 1124 3681 „Sit
1151 3599 1297 3666 omnibus

197 3699 309 3764 animis
332 3699 430 3764 infixa
451 3723 516 3766 vox
537 3703 709 3788 sapientiae
734 3705 868 3788 divinae,
894 3730 975 3794 quae
991 3709 1076 3796 apud
1090 3708 1296 3777 Salomonem

194 3807 313 3894 inquit:
334 3829 394 3896 per
414 3831 467 3875 me
489 3831 587 3898 reges
603 3823 725 3900 regunt
736 3824 767 3881 ct
780 3816 942 3904 principes
958 3817 1040 3884 iusta
1056 3818 1249 3884 decernunt‘
1258 3819 1294 3904 3).

198 3975 396 3988 ——--.

251 4047 280 4116 1),
297 4047 325 4101 0.
335 4047 369 4102 R.
380 4047 420 4102 XI
433 4050 494 4106 909.
505 4051 566 4107 362.
579 4051 623 4122 (cf.
638 4053 710 4123 976.)
725 4055 785 4111 913.
795 4054 847 4110 ΧΠ
856 4058 881 4113 9.
890 4056 930 4112 ΧΙ
940 4057 1001 4114 914.
1012 4075 1069 4127 seq.
1091 4059 1151 4127 909.
1170 4059 1223 4115 XII
1236 4061 1296 4116 148.

248 4142 275 4212 9)
295 4142 408 4199 Strobel
425 4145 443 4198 l.
465 4163 488 4201 c.
507 4164 535 4216 p.
557 4150 617 4204 129.

247 4237 273 4306 3)
294 4236 323 4294 0.
342 4237 376 4294 R.
398 4238 537 4298 ·X11015.
557 4243 634 4298 1014.
652 4243 704 4298 ΧΠ
721 4246 763 4304 96.
