3186 5090
830 300 850 364 8

290 485 352 565 bat,
365 483 392 572 ¹)
424 481 528 547 simile
559 481 679 567 aliquid
712 490 846 568 prepter
876 478 1086 566 cogitationes
1116 488 1148 544 et
1168 482 1395 566 occupationes

288 591 370 656 alius
392 612 524 677 prorsus
548 589 679 674 generis
712 591 754 654 de
773 588 1020 654 Melanchthone
1049 589 1159 654 dicere
1181 590 1226 654 fas
1251 599 1314 672 est,
1339 592 1395 676 qui

289 709 335 764 tot
356 699 505 785 negotiis,
529 698 624 780 curis,
643 698 819 780 itineribus,
843 696 1065 763 diversissimis
1092 699 1223 764 domum
1245 700 1395 784 frequen·

290 810 422 876 tantium
446 808 630 893 colloquiis,
654 807 851 893 gravissimis
881 807 1087 894 epistolarum
1118 799 1315 873 commerciis
1339 811 1394 875 de-

292 928 408 1001 tentus,
430 917 592 1003 quomodo
610 917 704 981 simul
725 917 941 982 effundendae
956 924 1061 981 tantae
1078 917 1268 1002 scriptorum
1282 919 1397 1005 copiae

290 1049 406 1093 vacare
436 1026 592 1114 potierit,
625 1025 760 1092 difficile
789 1025 954 1091 intellectu
985 1034 1043 1090 est.
1095 1024 1192 1107 Quod
1224 1049 1303 1092 vero
1336 1027 1397 1094 eeii

290 1135 445 1222 angustiis
473 1135 706 1200 circumventus
729 1143 833 1200 tamen
857 1134 896 1198 ad
919 1134 1088 1201 obeundos
1109 1143 1174 1200 tam
1197 1135 1341 1201 diversos
1362 1136 1397 1200 in

289 1245 402 1310 litteris
423 1245 552 1310 labores
575 1265 611 1309 se
633 1244 769 1309 accinxit
797 1265 903 1330 neque
934 1245 976 1310 ad
999 1245 1151 1330 pauciora
1175 1267 1276 1332 eaque
1297 1263 1398 1313 'aecu-

290 1354 388 1420 ratius
417 1353 616 1440 perfieienda
640 1373 773 1441 operam
801 1353 1059 1439 restringendam
1090 1355 1230 1441 putavit,
1263 1342 1296 1420 id
1326 1376 1392 1420 non

291 1473 412 1530 tantum
432 1462 576 1549 ingenita
590 1471 721 1528 naturae
740 1462 968 1550 propensione,
982 1463 1041 1528 sed
1059 1464 1302 1551 etiamurgente
1322 1487 1396 1550 qua-

293 1575 364 1639 dam
387 1581 568 1658 temporum
598 1572 789 1638 necessitate
813 1575 930 1638 factum
951 1581 1010 1638 est.
1062 1573 1171 1654 Quum
1192 1574 1277 1640 enim
1301 1576 1398 1642 totius

291 1682 467 1747 litterarum
491 1681 592 1768 campi
612 1683 762 1768 ingentes
783 1690 900 1747 tractus
920 1681 1029 1748 inculti
1051 1682 1154 1748 adhue
1174 1691 1206 1746 et
1226 1704 1330 1770 paene
1350 1685 1397 1748 in-

293 1794 365 1857 tacti
385 1799 598 1874 remanerent,
624 1792 862 1858 adolescentem
883 1800 986 1856 autem
1007 1800 1042 1856 ut
1062 1792 1103 1857 itn
1121 1793 1225 1858 dicam
1241 1794 1398 1860 doctrina-

290 1921 363 1965 rum
385 1900 551 1966 seientiam
583 1901 795 1986 qualicunque
816 1900 948 1966 illorum
980 1901 1162 1986 cognitione
1184 1901 1337 1988 indigere
1358 1905 1399 1969 ab

291 2010 438 2076 omnibus
459 2011 648 2092 sentiretur,
669 2012 691 2074 ii
715 2011 793 2093 viri,
818 2033 898 2097 quos
920 2011 961 2076 ad
982 2010 1204 2096 praeeundum
1236 2013 1269 2076 in
1300 2034 1338 2078 ea
1361 2035 1400 2078 re

292 2121 385 2185 aetati
406 2141 482 2185 suae
512 2120 598 2186 vires
629 2141 694 2184 non
729 2120 940 2202 deficiebant,
965 2122 1002 2185 ab
1026 2120 1088 2184 alio
1119 2142 1250 2208 semper
1284 2121 1399 2188 labore

292 2229 434 2295 nondum
457 2229 498 2294 ad
520 2227 618 2292 finem
639 2229 796 2314 perducto
818 2228 881 2293 iam
902 2227 991 2314 quasi
1015 2249 1056 2292 ex
1081 2229 1255 2314 improviso
1277 2231 1317 2295 ad
1342 2253 1396 2296 au·

293 2338 482 2426 spicandum
502 2337 599 2402 alium
623 2337 745 2404 avocati
767 2348 848 2402 sunt.
891 2337 973 2402 Inde
992 2337 1165 2403 necessitas
1182 2347 1251 2404 orta
1272 2347 1320 2404 cst
1341 2361 1398 2404 ex-

292 2447 478 2534 temporalis
500 2447 586 2512 illius
617 2447 746 2512 dicendi
766 2448 915 2534 generis,
938 2448 977 2512 ad
1002 2448 1089 2534 quod
1117 2447 1398 2519 Melanchthoncm

293 2565 401 2621 natum
424 2577 496 2622 esse
518 2555 622 2620 videri
645 2554 796 2620 Erasmus
818 2557 955 2638 adnotat,
980 2556 1066 2641 quod
1089 2577 1167 2622 vero
1193 2555 1346 2622 Erasmus
1369 2566 1403 2624 et

294 2666 455 2751 suiipsius
476 2665 614 2750 quodam
625 2664 722 2730 modo
737 2664 904 2751 proprium
919 2686 990 2730 esse
1003 2667 1106 2750 probe
1119 2675 1261 2731 noverat.
1282 2666 1396 2733 locans

295 2777 539 2866 polygraphum
561 2799 596 2840 se
629 2777 785 2864 depingit,
819 2777 872 2860 qui
905 2775 1026 2840 scilieet
1057 2776 1193 2839 multum
1217 2775 1400 2841 chartarum

297 2885 431 2951 obliniat
452 2893 635 2967 atramento,
668 2884 877 2970 qui-abiiciat
906 2894 937 2950 et
968 2885 1157 2970 praecipitet
1188 2885 1302 2967 omnia,
1337 2885 1400 2950 nec

296 2995 400 3082 pariat
426 2995 483 3060 sed
505 2997 646 3077 abortet,
677 2994 839 3058 interdum
862 2994 978 3059 iustum
1000 2993 1152 3059 volumen
1175 2992 1290 3059 scribat
1313 2980 1400 3058 stans

292 3105 379 3190 pede
399 3104 433 3167 in
453 3126 534 3184 uno,
567 3125 629 3169 nee
659 3125 799 3188 unquam
834 3103 935 3188 possit
966 3103 1126 3190 imperare
1156 3103 1260 3166 animo
1284 3124 1341 3166 suo
1364 3111 1402 3167 ut

293 3208 347 3278 vel
367 3213 468 3278 semel
499 3213 625 3298 relegat
654 3212 740 3298 quod
761 3211 934 3297 scripserit.
945 3213 973 3300 ²)
1016 3211 1057 3277 Et
1076 3212 1221 3298 profecto
1245 3211 1397 3276 Erasmus

297 3322 374 3386 lieet
401 3321 539 3408 publicis
572 3321 717 3406 negociis
746 3343 811 3386 non
842 3322 971 3386 iactatus
995 3329 1027 3386 et
1054 3323 1087 3386 in
1113 3320 1310 3406 expolienda
1332 3342 1400 3385 era-

298 3431 392 3496 tionis
414 3432 516 3496 forma
534 3430 779 3496 Melanehthene
797 3433 897 3496 multo
922 3430 1118 3516 diligentior,
1143 3439 1249 3495 tamen
1271 3431 1346 3494 dum
1369 3440 1404 3495 et

298 3541 369 3625 ipse
398 3540 530 3627 longam
562 3540 886 3606 laboriosissimorum
918 3561 1053 3627 operum
1081 3539 1198 3604 seriem
1221 3539 1402 3605 incredibili

296 3647 440 3713 sollertia
459 3648 605 3735 perfecit,
630 3648 710 3713 nihil
733 3649 887 3734 grandius
909 3648 953 3713 ita
976 3647 1165 3735 composuit,
1188 3655 1224 3711 ut
1244 3654 1329 3711 tanto
1352 3668 1399 3710 ar-

239 3839 240 3842 ,
292 3756 379 3822 tifiee
400 3757 545 3844 ingenio,
567 3757 674 3842 quanti
704 3758 840 3844 vestigia
873 3758 992 3844 ubique
1023 3757 1057 3821 in
1086 3757 1153 3822 eius
1178 3756 1305 3844 seriptis
1332 3756 1399 3820 elu-

297 3875 377 3949 cent,
403 3867 538 3952 dignum
558 3867 662 3934 videri
682 3878 801 3953 posset.
854 3868 931 3934 Iure
963 3866 1112 3934 nimirum
1142 3874 1219 3932 tune
1247 3864 1400 3951 temporis

300 4039 496 4050 —...-—--

346 4106 372 4174 1)
390 4105 432 4160 De
451 4102 607 4158 oratoribus
628 4101 757 4173 dialogus
778 4120 802 4158 e.
822 4105 865 4157 21.

349 4201 375 4269 2)
393 4198 503 4254 Erasmi
522 4215 586 4269 opp.
612 4181 670 4268 lp.
690 4199 752 4252 851.
