3186 5090
826 315 866 380 12

338 493 397 560 Ad
424 493 650 581 provehendas
677 493 820 582 singalas
845 495 1028 580 disciplinas
1052 495 1142 560 Deus
1173 517 1232 561 suo
1255 505 1456 586 temporo

297 602 414 668 eximia
436 602 591 688 quaedam
617 603 749 688 ingenia
770 605 895 670 excitat.
950 603 1074 670 llorum
1102 604 1190 669 initia
1211 615 1314 692 atque
1344 631 1453 695 pro-

297 733 428 796 gressus
471 713 697 798 contemplari,
731 711 967 779 Melancbthoui
1005 735 1058 778 res
1093 713 1275 798 gratissima
1308 727 1450 805 atque

296 820 468 896 laeb'ssima
487 819 623 886 videtur.
678 821 815 908 Saepius
839 845 876 888 ea
900 830 1064 908 comparat
1095 845 1166 888 cum
1197 825 1358 912 ingeniis
1391 830 1448 894 ad

297 928 455 1014 patticam
486 927 541 992 vel
572 928 724 996 musicam
763 939 863 996 artem
897 929 986 995 natis.
1042 928 1265 1014 „Generosae,
1300 933 1450 1020 inquit

297 1047 329 1104 et
346 1037 494 1104 heroicae
517 1045 666 1119 naturae,
690 1060 770 1125 quae
793 1039 834 1104 ad
857 1038 926 1104 illas
949 1061 1086 1104 summas
1110 1039 1268 1104 doctrinas
1293 1041 1446 1110 divino

298 1145 405 1230 aliquo
438 1144 545 1208 afflatu
577 1153 608 1210 et
632 1146 869 1232 ’ὲνθουσιασμῷ
890 1146 1071 1232 rapiuntur,
1103 1156 1138 1210 ut
1165 1148 1289 1213 avidius
1321 1151 1445 1218 hacc

296 1262 450 1343 appetunt
471 1253 517 1320 sic
539 1253 694 1341 arripiunt
716 1254 848 1338 facilius,
870 1255 1006 1342 perinde
1028 1265 1063 1320 ut
1083 1256 1126 1338 hi,
1148 1257 1201 1342 qui
1223 1267 1339 1322 natura
1374 1262 1436 1328 ad

296 1363 502 1430 scribendum
524 1385 651 1431 carmen
675 1362 848 1444 ducuntur,
876 1363 965 1428 citius
989 1364 1185 1449 syllabarum
1218 1375 1250 1430 ot
1278 1368 1434 1452 pedum

297 1497 462 1542 mensuras
483 1475 692 1563 percipiunt.“
735 1473 777 1538 Et
796 1474 852 1540 ubi
874 1482 998 1556 narrat,
1022 1484 1168 1560 quautam
1190 1477 1256 1540 vim
1276 1477 1310 1540 in
1334 1479 1430 1542 Au-

297 1585 417 1673 gustini
437 1583 668 1650 adolescentuli
690 1583 830 1648 animum
845 1585 1029 1649 exorauerit
1054 1585 1198 1652 defensio
1224 1587 1278 1650 illa
1301 1587 1430 1674 philo-

300 1695 443 1780 sophiae,
468 1715 548 1777 quae
579 1693 613 1757 in
635 1692 801 1758 Ciceronis
832 1693 1005 1758 Hortensio
1036 1692 1214 1778 legebatur,
1248 1695 1418 1778 ,Harum,

299 1803 416 1888 inquit,
446 1803 744 1870 iucundissimarum
775 1801 1023 1888 disputationum
1058 1803 1196 1869 lectione
1224 1805 1266 1869 ita
1298 1815 1417 1872 motus

296 1912 426 1977 videtur
449 1913 662 1998 Augustinus,
684 1921 719 1977 ut
741 1911 795 1998 qui
816 1920 931 1976 natura
953 1911 1072 1976 musica
1093 1921 1183 1995 sunt,
1205 1914 1327 1978 etiamsi
1350 1915 1415 1978 ad-

298 2022 361 2088 huc
382 2021 479 2086 rudes
504 2031 578 2086 sunt
596 2023 681 2102 artis,
708 2030 739 2085 ct
759 2020 846 2085 aliud
868 2029 977 2105 agunt,
998 2030 1105 2086 tamen
1128 2021 1214 2086 dulci
1236 2030 1328 2086 cantu
1347 2023 1410 2086 mi-

298 2131 442 2197 rabiliter
463 2130 502 2196 ad
524 2131 661 2197 musices
691 2111 832 2195 amorem
862 2153 899 2194 ac
926 2130 1064 2195 studium
1095 2129 1406 2217 exstimulantur.“1)

297 2239 452 2308 Similiter
475 2239 568 2304 etiam
589 2239 711 2304 minora
733 2239 879 2324 ingenia,
902 2239 1054 2304 heroibus
1083 2238 1146 2303 illis
1168 2261 1233 2304 non
1253 2240 1406 2326 aequipa-

298 2349 413 2430 randa,
433 2371 493 2436 pro
516 2372 573 2416 sua
597 2350 747 2435 quodque
773 2358 884 2414 natura
904 2348 945 2413 ad
966 2348 1094 2434 singula
1115 2349 1218 2414 studia
1243 2349 1401 2414 feruntur.

298 2459 376 2524 Vult
396 2469 501 2524 autem
523 2458 759 2543 Melouchthon,
784 2468 819 2523 ut
839 2480 950 2522 omnes
971 2457 1076 2543 aliqua¹
1107 2459 1201 2522 totius
1226 2460 1312 2523 orbis
1343 2460 1400 2524 do-

182 2604 184 2614 *
299 2569 469 2634 ctrinarum
489 2568 599 2634 notitia
620 2569 810 2634 imbuantur.
856 2567 893 2633 ld
925 2589 1002 2632 vcro
1030 2589 1072 2632 ne
1099 2567 1155 2632 fiat
1185 2591 1256 2632 eum
1287 2569 1403 2632 damno

298 2678 436 2744 sanitatis
460 2677 624 2744 cuiusdam
650 2678 763 2760 animi,
786 2679 864 2744 duas
887 2691 953 2744 res·
967 2675 1162 2742 necessarias
1187 2677 1400 2759 commendat,

299 2784 412 2848 iustam
436 2805 556 2849 moram
583 2793 614 2849 et
635 2785 752 2851 iustum
774 2785 929 2850 ordinem.
973 2783 1028 2862 „In
1049 2782 1174 2866 stadiis,
1195 2783 1315 2868 inquit,
1340 2806 1406 2848 uon

299 2892 385 2957 aliud
414 2893 550 2980 perinde
581 2894 691 2975 refert,
724 2916 819 2978 quam
850 2915 892 2958 ne
923 2893 1147 2978 intempestive
1178 2914 1403 2979 properemus.

299 2999 394 3066 Nunc
417 3001 461 3084 fit,
485 3011 521 3068 ut
537 3001 638 3084 multi,
655 3023 751 3086 quum
767 3002 868 3066 varias
889 3001 1072 3088 disciplinas
1093 3011 1313 3088 pervagentur
1333 3001 1403 3066 sine

301 3109 413 3176 ordine
437 3111 570 3197 sineque
592 3111 724 3193 ratione,
748 3111 869 3174 nullam
885 3111 1011 3196 penitus
1034 3119 1230 3196 cognoscant
1250 3109 1403 3194 nullaque

301 3221 341 3285 de
362 3242 398 3285 re
421 3221 597 3308 prudenter
618 3209 759 3286 iudicare
777 3230 903 3306 queant.
933 3220 975 3284 Et
996 3229 1029 3284 ut
1054 3241 1184 3286 errones
1205 3220 1310 3284 nullos
1336 3239 1402 3284 cer·

299 3337 347 3394 tos
371 3329 454 3396 lares
476 3331 609 3411 habent,
634 3352 790 3415 nusquam
813 3329 899 3395 domi
919 3339 991 3394 sunt
1012 3339 1058 3411 et,
1082 3339 1117 3394 ut
1140 3330 1215 3395 dicit
1236 3328 1399 3410 Martialis,

407 3439 548 3523 quisquis
571 3438 689 3524 ubique
712 3439 831 3504 habitat
850 3439 990 3504 maxime
1011 3461 1167 3524 nusquam
1189 3438 1317 3519 habitat,

300 3551 343 3614 ita
363 3549 429 3631 illi,
455 3571 551 3632 quum
580 3547 613 3612 in
643 3550 789 3636 omnibus
822 3548 997 3634 disciplinis
1028 3549 1091 3612 sint
1119 3549 1278 3634 hospites,
1300 3555 1405 3612 tamen

301 3657 422 3723 nullam
443 3657 561 3745 babeat
584 3658 780 3724 familiariter
797 3667 930 3722 notam.“
976 3659 1163 3738 „Praeclare
1190 3657 1272 3722 dixit
1294 3646 1403 3722 Xeno-

302 3767 391 3853 phon
411 3767 444 3830 in
467 3768 692 3849 oeconomico,
714 3768 794 3832 nihil
818 3768 931 3833 ordine
956 3768 1005 3832 rel
1031 3765 1272 3832 honestius-val
1295 3765 1405 3830 utilius

305 3898 386 3957 esse,
411 3876 498 3942 cuius
520 3878 696 3943 sententiae
718 3877 781 3942 vim
805 3901 875 3944 cum
894 3877 928 3940 in
957 3877 1104 3942 omnibus
1135 3875 1204 3942 aliis
1230 3879 1325 3944 rebus
1350 3895 1406 3938 ex-

305 4101 504 4112 ———

363 4219 772 4289 mammmm
