3186 5090
758 317 798 384 23

221 504 338 570 denter
363 505 520 572 excitavit.
572 504 610 569 In
630 503 671 570 M.
694 503 791 570 Tullii
815 502 966 591 operibus
987 503 1070 570 iuste
1092 504 1134 568 ito
1159 503 1324 570 aestiman-

222 614 282 695 dis,
312 610 362 678 ut'
377 614 478 680 servis
513 635 625 680 eorum
653 613 862 679 imitatoribus
894 611 1070 695 resisteret,
1097 611 1322 678 Melanohthon

223 745 295 788 cum
316 722 449 788 Erasmo
471 722 697 789 consentiebat
720 722 779 786 Illa
801 743 929 810 semper
951 722 1058 787 denuo
1077 721 1322 807 diligentissime

223 831 446 918 interpretatus
460 839 521 909 est;
545 853 587 896 ex
599 830 736 896 lectione
750 831 907 898 librorum
925 831 984 912 „de
1006 830 1212 911 oratoribus,
1235 839 1321 916 post·

224 963 318 1026 quam
341 939 502 1008 Guarinus
526 961 581 1006 eos
604 939 772 1027 repererit,
795 949 936 1004 renatam
959 940 1048 1026 quasi
1069 959 1140 1004 esse
1159 938 1242 1004 inter
1264 938 1323 1028 Ita·

223 1051 273 1116 los
294 1051 508 1137 eloquentiam
533 1073 605 1116 cum
628 1050 787 1118 Sabellioo
810 1051 925 1116 fatetur
934 1051 969 1137 l).
1009 1051 1159 1114 Attamen
1179 1049 1212 1112 in
1234 1049 1325 1116 Cice-

222 1158 309 1225 ronis
333 1159 527 1226 orationibus
551 1157 665 1222 nimios
687 1158 849 1224 interdum
872 1167 904 1222 et
925 1167 1055 1222 naturae
1075 1159 1243 1224 veritatem
1268 1179 1322 1224 ex-

223 1269 375 1334 cedentes
400 1268 524 1334 colores
548 1267 694 1333 exhiberi
714 1267 812 1332 sensit
833 1288 954 1352 eosque
977 1266 1230 1332 accommodatos
1253 1287 1324 1332 esse

223 1380 343 1465 putavit
371 1377 413 1442 ad
445 1377 685 1463 forumpopuli
718 1376 803 1442 bello
838 1377 941 1463 magis
972 1399 1067 1462 quam
1094 1376 1181 1462 pacis
1205 1377 1324 1442 artibus

222 1487 333 1574 magni
355 1507 461 1572 neque
485 1508 555 1549 cum
577 1487 646 1550 foro
668 1485 785 1566 Attico,
811 1485 897 1571 quod
926 1485 1056 1572 quidem
1077 1485 1118 1549 ad
1139 1508 1247 1551 veram
1276 1485 1322 1550 in·

223 1595 312 1682 genii
338 1604 368 1660 et
398 1595 554 1660 sermonis
584 1594 793 1660 urbanitatem
815 1594 939 1675 attinet,
964 1594 1222 1682 comparandum.
1275 1593 1322 1660 Eo

222 1725 319 1769 sensu
341 1705 422 1768 haec
443 1705 542 1768 verba
564 1703 745 1783 enuntiavit,
762 1725 843 1790 quae
866 1703 944 1789 quin
967 1725 1009 1768 ex
1033 1725 1088 1768 ore
1108 1703 1176 1768 eius
1195 1703 1320 1790 integra

224 1814 345 1879 calamo
371 1821 507 1900 excepta
527 1811 589 1876 sint
611 1833 677 1877 non
700 1812 854 1898 estquod
876 1811 1073 1878 dubitemus:
1097 1812 1323 1894 „Anteeellunt

221 1921 451 1988 Demosthenis
465 1921 624 1987 orationes
637 1923 781 1986 forenses
804 1920 951 1988 omnibus
974 1943 1055 2006 quae
1077 1921 1214 2009 scriptae
1236 1928 1321 1987 sunt.

223 2031 391 2098 Ciceronis
414 2030 574 2096 orationes
606 2031 677 2095 sind
706 2031 998 2118 Bauren-Predigt
1025 2031 1203 2118 dargegen‚
1238 2030 1325 2096 denn

230 2141 344 2208 Cicero
366 2140 419 2205 het
441 2139 509 2204 sich
529 2139 610 2203 nach
632 2138 695 2203 den
710 2137 1018 2226 Krieges·Gurgeln
1041 2149 1171 2204 miissen
1192 2141 1325 2206 richten.

223 2249 291 2318 Sed
316 2246 431 2316 Graeci
452 2247 561 2314 dieunt
582 2248 757 2312 accuratius
785 2223 824 2312 61
847 2248 1009 2332 eruditius.
1065 2246 1212 2314 Isocratis
1235 2248 1326 2334 Ding

228 2358 286 2423 das
309 2358 430 2423 dehnet
452 2357 531 2439 sich,
553 2379 617 2423 non
642 2365 690 2422 est
710 2357 750 2422 ad
772 2379 915 2443 pugnam
938 2367 1164 2444 comparatum.
1207 2358 1327 2430 Domo-

222 2467 343 2534 sthenis
368 2466 467 2533 oratio
499 2476 546 2532 est
582 2467 633 2530 ein
657 2466 806 2532 ernstlioh
828 2467 935 2552 Ding“
945 2467 979 2549 1).
1034 2467 1138 2532 Nemo
1172 2467 1252 2532 heco
1283 2469 1325 2532 ita

221 2567 363 2665 occipiet'
378 2580 468 2663 quasi
489 2587 616 2642 notetur
638 2577 670 2642 in
700 2576 857 2643 Cicerone
886 2599 964 2641 vere
988 2586 1117 2663 agreste
1149 2576 1270 2664 aliquid
1295 2588 1326 2642 et

222 2687 389 2752 incultum.
421 2687 488 2756 Sed
509 2686 596 2752 idem
616 2686 723 2752 dicere
748 2687 817 2751 vult
837 2685 1062 2752 Melanchthon
1087 2686 1173 2772 quod
1195 2695 1323 2752 veteres

223 2796 381 2877 nonnulli,
401 2796 515 2882 quibus
548 2794 663 2862 Cicero
684 2795 952 2883 „supramodum
983 2795 1130 2860 exultans
1157 2805 1188 2860 et
1210 2818 1324 2884 super·

223 2905 327 2971 fluens
350 2913 382 2970 et
402 2928 516 2992 parum
537 2906 678 2986 Atticus“
700 2905 876 2972 videbatur.

265 3015 452 3080 Afferantur
473 3015 536 3079 hoo
568 3013 639 3080 loco
669 3014 825 3079 nonnulla
849 3014 941 3079 etiam
965 3035 1007 3078 ex
1036 3013 1075 3078 iis
1100 3036 1183 3101 quae
1207 3016 1326 3081 Melan-

225 3123 343 3188 chtbon
376 3122 435 3205 „de
472 3122 622 3208 legendis
659 3122 832 3206 tragoediis
866 3131 898 3188 et
931 3122 1122 3188 comoediis“
1156 3123 1326 3209 scripsit3).

224 3229 314 3317 „Ego
334 3231 405 3318 ipse
430 3252 526 3318 saepe
552 3239 617 3297 toto
654 3253 787 3318 corpore
823 3232 1012 3297 cohorresco
1046 3231 1162 3318 legens
1195 3239 1326 3312 tantum,

226 3363 290 3406 non
315 3340 408 3404 etiam
441 3340 569 3406 intuens
600 3349 634 3404 ut
665 3341 697 3404 in
728 3341 851 3406 theatro
886 3350 1036 3426 agentes,
1071 3340 1241 3427 Sophoclis
1272 3348 1326 3404 aut

225 3449 389 3536 Euripidis
422 3450 613 3536 tragoedias.
657 3487 699 3497 ψ
731 3449 819 3516 Siout
857 3450 1017 3516 Pindarus
1050 3449 1134 3530 dicit,
1179 3448 1327 3514 Ixionem

227 3557 413 3645 implicitum
441 3569 530 3624 rotae
553 3559 640 3646 apud
661 3559 782 3625 inferos
805 3559 967 3627 clamitare
988 3561 1070 3624 hano
1099 3581 1328 3646 vocemquam

231 3667 389 3752 Virgilius
413 3667 571 3732 reddidit:

349 3776 472 3842 Discite
490 3776 641 3842 iustitiam
663 3776 772 3842 moniti
796 3786 827 3840 et
847 3799 912 3844 non
933 3798 1090 3864 spernere
1115 3775 1217 3858 divos,

231 3941 427 3952 ——-—....

280 4013 305 4082 1)
324 4013 387 4067 XVI
406 4014 468 4068 690.

281 4107 306 4176 2)
326 4107 402 4162 XXV
419 4107 479 4164 670.
500 4125 556 4176 seq.

282 4205 308 4273 3)
328 4205 353 4260 V
371 4206 520 4261 ser-572.
