3200 5088
777 344 820 408 59

318 525 473 606 Quamvis
501 525 726 591 Melanchthon
762 525 839 591 iuris
873 533 910 592 ut
941 525 983 590 ita
1015 525 1116 590 dicam
1146 524 1352 590 substantiam

253 635 382 721 quidem
406 643 566 700 aeternam
589 634 810 720 humanaeque
828 643 958 699 namma
971 634 1114 715 inditam,
1129 635 1259 698 formam
1272 653 1352 699 vero

251 765 310 828 pro
334 751 515 830 temporum
539 751 570 807 et
592 742 734 808 locorum
756 743 936 807 conditione
963 743 1148 808 variabilem
1180 751 1279 829 putet,
1308 751 1350 806 ta·

189 881 194 890 ·
252 873 328 914 men
348 871 413 916 non
434 851 503 915 vult
522 851 635 937 legum
657 851 807 916 lationem
830 871 960 938 semper
985 851 1092 918 denuo
1115 851 1203 938 quasi
1228 855 1265 916 ab
1290 871 1351 916 ovo

251 959 358 1047 incipi,
383 961 442 1024 sed
463 969 498 1024 ut
530 960 648 1046 optima
679 981 828 1046 quaeque
856 960 1020 1047 praeteriti
1054 962 1123 1026 aevi
1150 967 1352 1046 resumantur
1415 971 1422 979 '

253 1077 349 1154 atque
371 1067 576 1155 recipiantur
586 1068 737 1156 postulat.
759 1069 870 1150 Quare
894 1069 986 1133 etiam
1008 1069 1142 1136 Romani
1166 1070 1243 1134 iuris
1259 1091 1352 1134 usum

252 1185 319 1242 tum
342 1185 449 1241 centm
472 1175 625 1258 Iudaicas,
654 1197 731 1262 quas
752 1177 802 1258 ait,
828 1178 1028 1262 quorundam
1055 1177 1097 1242 de
1120 1177 1196 1263 lege
1216 1177 1352 1244 Mosaios

254 1283 419 1370 opiniones
442 1284 598 1366 defendit,
630 1295 696 1349 tum
727 1284 767 1348 de
796 1287 1025 1372 peregrinitate
1047 1285 1079 1350 in
1101 1285 1222 1351 crimen
1243 1294 1351 1350 vocata

253 1400 380 1478 purgat.
433 1391 532 1456 Erant
553 1391 606 1478 qui
630 1392 787 1458 dicerent:
822 1393 928 1475 ,Quid
954 1394 1010 1458 illa
1039 1415 1096 1459 seu
1122 1396 1350 1482 imperatorum

253 1501 355 1566 edicta
378 1523 434 1565 scu
458 1500 597 1587 Ulpiani,
622 1501 685 1566 imo
710 1501 840 1583 Bartoli,
870 1504 962 1569 Baldi
985 1512 1015 1568 et
1042 1503 1193 1569 similium
1216 1502 1351 1570 callidae

251 1609 529 1696 interpretationes
552 1609 591 1674 ad
611 1610 720 1696 legem
742 1611 847 1676 Deir«
899 1612 958 1678 His
981 1612 1168 1700 respondet,
1192 1635 1257 1677 non
1278 1635 1368 1706 oon·¹

252 1717 449 1782 fundendam
471 1739 542 1784 esse
563 1719 597 1782 in
623 1719 727 1784 veteri
756 1729 947 1786 testamento
968 1715 1080 1808 legem'
1103 1721 1256 1787 moralem
1280 1745 1352 1786 cum

250 1826 327 1912 lege
349 1827 443 1892 civili.
497 1827 641 1893 Politiam
673 1827 770 1894 Mesia
801 1851 866 1894 non
896 1830 998 1916 magis
1029 1830 1069 1894 ad
1101 1853 1160 1896 nos
1188 1830 1352 1918 pertinere

252 1959 344 2025 quam
367 1939 510 2025 politiam
533 1938 672 2007 Solonis.
722 1939 846 2024 Legem
876 1938 1036 2004 Iudaicam
1067 1939 1192 2005 civilem
1221 1939 1350 2005 nonnisi

250 2047 297 2111 illi
318 2047 435 2114 nationi
457 2047 615 2112 conditam
637 2055 668 2111 et
689 2055 926 2134 attemperatum
950 2069 1022 2113 esse
1044 2070 1151 2133 neque
1164 2069 1262 2135 posse
1277 2069 1351 2112 cen-

251 2154 362 2220 venire
382 2154 529 2242 pluribus
554 2154 713 2240 gentibus.
740 2153 839 2220 Cuius
863 2155 911 2220 rei
937 2146 1123 2242 exemplum
1145 2157 1246 2236 affert,
1264 2154 1350 2240 quod

253 2272 352 2330 certas
382 2262 477 2330 sedes
500 2262 642 2349 assignet
674 2263 768 2328 certis
802 2263 926 2328 familiis
959 2273 990 2328 et
1017 2263 1088 2327 illas
1111 2271 1197 2328 vetat
1218 2262 1350 2342 mutari3

251 2372 285 2436 id
305 2372 391 2460 quod
410 2393 474 2437 non
497 2371 599 2458 possit
619 2371 681 2435 nisi
700 2370 733 2434 in
754 2380 890 2456 angusto
910 2371 983 2436 loce
1004 2371 1147 2439 obtineri.
1191 2370 1231 2436 nt
1253 2393 1348 2458 quos-

253 2480 325 2546 dam
347 2503 467 2562 mores,
490 2480 547 2545 etsi
576 2479 746 2546 habuerint
774 2479 894 2564 aliquid
922 2479 1000 2562 vitii,
1030 2479 1158 2546 Iudaeis
1190 2502 1251 2567 pro
1272 2488 1351 2545 tem-

249 2611 331 2678 pore
353 2591 529 2677 periisses
551 2609 633 2654 esse.
687 2589 797 2670 Quare
819 2611 884 2654 non
912 2610 984 2654 essa
1004 2589 1178 2654 absurdum
1202 2596 1255 2652 aut
1277 2610 1349 2654 cen-

250 2703 454 2768 tumeliosum
478 2710 510 2766 et
535 2702 678 2788 impium,
700 2701 727 2766 si
760 2699 830 2786 quia
853 2699 944 2781 dicat,
966 2699 1102 2786 reperiri
1126 2721 1224 2786 posse
1243 2698 1351 2786 aliqua

250 2813 389 2877 instituta
407 2813 570 2878 Romanae
596 2809 792 2897 reipublicae
824 2809 960 2874 meliora
981 2809 1014 2873 in
1037 2829 1160 2894 genere
1183 2831 1275 2894 quam
1298 2807 1349 2872 lu·

252 2921 349 2986 daica.
405 2921 494 2984 Hane
522 2919 724 2984 collationem
752 2920 830 2986 iuris
857 2919 992 2984 Romani
1027 2941 1099 2983 curn
1123 2919 1264 2984 Mesaieo
1284 2941 1350 2983 non

252 3051 323 3095 esse
346 3029 501 3110 inutilem,
523 3029 642 3116 quippe
668 3049 749 3114 quae
770 3035 886 3114 augeat
911 3026 1095 3112 dignitatem
1118 3037 1150 3092 et
1173 3028 1235 3091 alat
1258 3047 1351 3092 reve-

250 3139 383 3205 rentiam
405 3138 621 3226 praesentium
643 3138 763 3224 legum.
799 3137 941 3202 Adhibet
969 3137 1010 3200 ad
1042 3137 1121 3202 haec
1151 3135 1353 3222 explananda

218 3292 224 3300 -
252 3245 490 3314 similitudinem
508 3246 560 3312 hie
582 3247 702 3313 verbis,
745 3245 805 3328 ,Ut
827 3224 971 3312 medicus
993 3265 1051 3310 seu
1072 3245 1269 3310 architectus·
1285 3267 1349 3309 non
1374 3280 1376 3282 ·

250 3365 380 3422 sumunt
400 3365 571 3443 praecepta
591 3377 718 3420 suarum
740 3355 853 3420 artium
870 3353 1102 3442 exscriptoris,
1119 3353 1162 3418 ita
1174 3375 1236 3419 nec
1251 3354 1349 3440 legis-

249 3468 383 3532 latorem
407 3467 447 3532 de
469 3468 565 3531 rebus
587 3465 723 3552 politicis
747 3487 828 3552 opus
851 3472 900 3528 est
921 3485 1049 3528 sumere
1072 3465 1173 3550 ipsam
1193 3472 1293 3528 artem
1307 3483 1350 3528 ex

251 3577 415 3664 scriptura.
470 3575 551 3639 Nam
575 3575 780 3660 evangelium
804 3597 901 3660 quum
924 3573 1057 3662 proprie
1080 3571 1286 3639 concionatur
1308 3571 1350 3636 de

251 3696 380 3750 aeterna
403 3694 434 3750 et
454 3685 608 3770 spirituali
630 3687 702 3765 vita,
725 3705 790 3750 non
813 3692 921 3764 mutat,
947 3705 1009 3748 non
1044 3683 1190 3751 labefacit
1213 3703 1349 3748 oecono-

251 3796 347 3862 miam
369 3804 422 3860 aut
443 3788 605 3879 politicam
630 3794 736 3876 vitam,
766 3815 859 3880 quae,
880 3793 993 3859 collata
1024 3793 1065 3858 ad
1089 3790 1258 3858 interiores
1281 3813 1349 3856 cor·

252 3905 301 3971 dis
324 3901 438 3985 motus,
462 3903 634 3991 persimilis
655 3913 703 3969 est
725 3903 843 3970 domui.
899 3903 943 3970 Ut
971 3903 1052 3968 enirn
1075 3903 1192 3968 domus
1212 3911 1262 3966 est
1286 3901 1349 3967 sin-

252 4013 362 4102 gulari
380 4022 447 4078 arte
469 4022 637 4095 exstructa,
660 4021 733 4100 apte
755 4011 944 4099 contignatis
969 4011 1115 4078 omnibus
1137 4010 1290 4096 partibus,
1313 4033 1349 4075 ac

133 4134 137 4140 '
250 4124 332 4210 tegit
352 4122 512 4210 hospitem
533 4122 686 4188 adversus
709 4130 933 4211 tempestatum
954 4120 1094 4203 iniurias,
1108 4120 1231 4186 interea
1244 4129 1348 4186 tamen

250 4233 384 4319 hospitis
406 4232 529 4298 animus
550 4253 615 4298 nen
643 4231 723 4297 intra
752 4231 811 4298 hos
830 4231 970 4319 parietes
995 4237 1169 4314 coercetur,
1192 4229 1250 4297 sed
1274 4230 1348 4296 taci-
