3186 5090
823 328 864 394 38

327 507 544 597 singulariter
568 532 645 576 vcro
670 534 707 577 ea
727 512 821 578 nobis
843 522 935 598 grato
954 513 1060 577 animo
1074 513 1282 578 memoranda
1295 523 1389 598 atque

285 618 474 684 illustranda
491 631 592 702 sunt,
625 623 740 706 quibus
770 621 1047 686 Melanchthonem
1081 622 1122 686 de
1154 620 1388 688 Germanorum

91 817 95 826 .
194 769 198 774 -
284 728 416 793 historia
438 730 558 815 optima
578 731 735 796 meruisse
760 739 901 818 apparet.
954 729 1045 795 Haec
1068 731 1171 796 stridia
1195 733 1281 816 qnod
1304 731 1388 796 cxci·

285 836 406 916 taverit,
432 837 484 914 „id
503 837 548 900 illi
579 838 662 902 inter
695 848 800 903 cetera
827 838 983 904 beneficia
1012 829 1132 904 debere
1156 839 1388 920 Gennaniam“‚

285 944 347 1008 iam
369 943 545 1009 Leibnitius
574 947 785 1033 adnotavit¹);
816 947 940 1012 addens
965 971 1087 1014 summa
1118 947 1208 1012 illum
1232 947 1389 1013 industria

287 1063 422 1142 quatuor
440 1055 620 1141 gravissimi
640 1055 793 1120 momenti
817 1055 974 1121 chronicis
997 1056 1083 1143 typis
1107 1056 1307 1122 excudendis
1325 1056 1389 1142 pri-

286 1187 373 1228 mum
397 1185 528 1250 operam
551 1163 729 1250 navassei).
772 1162 877 1228 Etiam
907 1163 1008 1229 Taciti
1039 1162 1242 1230 Germaniam
1271 1165 1390 1230 Melan-

287 1273 404 1338 chthon
427 1271 548 1359 pluries
584 1271 684 1336 edidit
714 1281 744 1335 ct
775 1271 948 1350 „voca-bula
978 1272 1149 1358 regionum
1182 1282 1213 1338 et
1246 1275 1390 1359 gentium

285 1404 368 1467 quae
390 1384 429 1446 ab
452 1380 506 1444 illo
529 1388 766 1460 recensentur“,
799 1380 883 1445 inter
910 1381 1031 1466 primos
1064 1381 1227 1467 explicare
1262 1391 1390 1446 conatus

286 1501 346 1574 est.¹
385 1489 537 1575 Denique
568 1489 608 1554 ad
635 1491 715 1554 haec
748 1511 875 1575 quoque
911 1489 1015 1554 studia
1050 1490 1097 1576 (id
1129 1490 1215 1575 quod
1242 1500 1273 1554 et
1305 1491 1392 1556 idem

285 1598 464 1663 Leibnitius
501 1620 568 1661 non
600 1597 838 1682 praetermittit)
878 1598 1042 1662 hominum
1077 1598 1198 1662 animos
1236 1599 1391 1684 instigare

285 1706 405 1772 studuit
438 1707 564 1770 assidua
595 1706 784 1770 hortatione.
841 1704 940 1772 Cuius
974 1707 1022 1772 rei
1054 1708 1240 1793 exemplum
1272 1708 1392 1783 haecce

286 1817 387 1880 verba
409 1815 581 1880 afferimus.
634 1815 765 1894 „Merito
789 1838 847 1880 nos
878 1817 981 1901 magis
1012 1825 1120 1880 nostra
1143 1838 1237 1900 quam
1262 1825 1396 1881 externa

284 1932 430 2003 movent;
446 1971 449 1976 -
465 1945 539 1988 nam
561 1924 758 2010 ingratitudo
791 1925 947 2010 quaedam
981 1933 1037 2008 est,
1066 1933 1185 1990 tantum
1217 1924 1395 2012 peregrina

287 2043 319 2099 et
346 2034 459 2119 procul
493 2033 612 2098 adscita
645 2035 805 2115 admirari,
840 2057 897 2099 ana
929 2057 966 2099 ac
1000 2034 1174 2099 domestica
1209 2025 1391 2119 negligere.

281 2142 571 2224 'Quemadmodum
602 2143 687 2206 enim
707 2128 843 2228 'quidam
866 2143 1013 2208 homines
1035 2143 1097 2208 hoc
1119 2143 1196 2207 vitio
1228 2142 1393 2207 oculorum

286 2253 440 2333 laborant,
470 2261 504 2316 ut
535 2259 655 2316 tantum
679 2273 759 2337 quae
781 2253 896 2339 procul
925 2254 1028 2339 posita
1057 2261 1130 2318 sunt
1156 2252 1295 2334 videant,
1319 2273 1392 2338 pro-

271 2364 377 2430 'xima
398 2385 476 2427 vero
501 2385 646 2448 quaeque
670 2373 741 2428 ante
765 2364 867 2448 pedes
884 2371 957 2428 sunt
971 2363 1030 2428 sita
1047 2384 1112 2426 non
1127 2361 1392 2426 animadvertant:

285 2475 328 2538 ita
350 2473 479 2557 quidam
503 2473 565 2537 hoc
598 2473 696 2538 animi
726 2475 837 2539 morbo
873 2472 976 2538 affecti
1004 2481 1087 2553 sunt,
1120 2479 1155 2536 ut
1182 2469 1262 2535 nihil
1285 2473 1393 2534 ament

288 2583 349 2646 nisi
379 2582 591 2668 peregrinum
614 2591 644 2648 et
678 2583 792 2668 procul
820 2583 963 2668 petitum,
988 2581 1147 2646 fastidiant
1170 2589 1262 2666 atque
1285 2601 1392 2665 asper-

283 2701 400 2756 nentur
422 2691 577 2776 quidquid
602 2683 809 2758 vernaculum
833 2702 864 2758 et
885 2691 971 2756 domi
993 2699 1101 2755 notum
1124 2699 1181 2755 est.
1225 2689 1290 2770 Qui
1310 2710 1389 2776 vero

285 2799 402 2863 rectius
435 2808 541 2864 mente
572 2800 689 2884 valent,
719 2801 752 2864 hi
783 2823 841 2864 sua
871 2800 1012 2886 primum
1039 2801 1123 2864 bona
1157 2806 1338 2882 agnoscunt
1362 2805 1393 2861 ct

288 2907 532 2993 amplectuntur.
564 2945 602 2956 -
635 2908 691 2972 rost
713 2929 790 2972 vero
821 2927 937 2993 operae
967 2906 1105 2992 pretium
1127 2905 1249 2988 videre,
1275 2914 1391 2990 quanta

283 3016 384 3103 luerit
405 3017 599 3102 simplicitas,
621 3017 762 3102 probitas
793 3027 823 3080 et
841 3015 1019 3080 humanitas
1043 3024 1189 3079 veterum
1212 3015 1389 3081 Germano·

287 3145 368 3206 rum,
394 3147 529 3210 quorum
550 3127 642 3207 facta,
666 3127 692 3191 si
714 3127 825 3190 litteris
851 3126 980 3212 prodita
1000 3126 1039 3189 ab
1063 3124 1195 3188 historia
1214 3124 1321 3189 lucem
1342 3145 1391 3188 ac·

288 3235 458 3319 cepissent,
482 3244 517 3299 ut
547 3257 628 3321 quae
656 3261 674 3300 a
696 3235 848 3300 Romanis
882 3243 912 3300 et
939 3233 1072 3300 Graecis
1100 3243 1192 3319 gesta
1212 3241 1294 3313 sunt,
1320 3253 1391 3296 cum

284 3340 427 3426 utrisque
443 3333 535 3408 ¹haud
560 3342 658 3407 dubio
680 3353 786 3408 essent
807 3345 891 3407 omni
908 3365 1031 3428 genere
1046 3340 1388 3428 praestantissimarum

286 3449 436 3515 virtutum
461 3460 644 3516 certatura.“
674 3451 715 3516 Et
735 3449 796 3518 alio
812 3452 898 3518 loco:
922 3451 1062 3536 „Turpe
1085 3450 1195 3535 inquit,
1220 3458 1267 3514 est
1287 3447 1390 3528 nobis,

287 3675 484 3684 —n—..—-..

339 3810 364 3880 1)
382 3809 415 3862 In
432 3809 641 3864 introductione
662 3809 699 3862 ad
726 3808 821 3878 script.
839 3807 904 3862 hist.
922 3807 1068 3862 Brunsvic.
1096 3807 1135 3862 cf.
1156 3805 1312 3876 Hoffmann,
1333 3807 1394 3860 Me·

285 3904 459 3960 lanchthon's
472 3906 638 3960 Verdienste
656 3923 703 3959 um
723 3905 769 3960 die
788 3905 921 3960 deutsche
932 3903 1046 3960 Reichs·
1058 3903 1116 3958 und
1126 3903 1392 3975 Staatsgeschichte.

285 4001 357 4056 Tub.
378 4001 457 4055 1760.
476 4019 503 4069 p.
522 4003 565 4055 29.
585 4017 642 4069 seq.

265 4145 266 4148 ¹
341 4121 366 4191 2)
385 4121 456 4176 Sunt
471 4121 611 4194 Neocleri,
629 4121 774 4176 Lamberti
792 4120 1068 4192 Schainaburgansis‚
1087 4119 1207 4176 Abbatis
1220 4118 1392 4188 Ursbergen-

288 4213 334 4283 sis,
354 4213 423 4268 Phil.
443 4213 584 4268 Helmoldi
603 4213 751 4283 (Chronica
769 4213 933 4283 slavorum).
