3186 5090
853 359 893 425 78

330 543 382 607 vel
408 542 567 608 catholicis
590 543 643 608 vel
668 544 861 631 evangelicis
886 546 987 611 iustae
1010 544 1141 610 alicuius
1170 544 1433 632 reprehensionis

328 675 436 717 ansam
463 653 660 738 praebuisse.
716 653 897 720 Certamina
927 654 1168 734 luctuosissima,
1193 663 1266 739 post
1294 651 1431 718 Lutheri

329 770 464 825 mortem
491 761 532 825 de
552 759 683 826 Interim
708 764 793 848 quod
810 768 966 830 vocabant
982 773 1060 845 orta,
1074 763 1137 826 iam
1152 762 1240 855 initio
1255 763 1434 848 tetigimus.

327 867 429 933 Etiam
449 877 525 934 tunc
554 870 684 955 quidem
704 871 940 955 Melanchthon,
966 874 1007 937 de
1035 871 1235 958 imperatoris
1256 871 1313 954 ira,
1336 893 1432 955 quam

326 978 396 1062 ipse
418 1000 496 1063 prae
520 980 634 1044 ceteris
657 981 790 1062 subibat,
814 1003 877 1046 non
900 981 1064 1063 sollicitus,
1091 980 1267 1046 doctrinam
1292 1000 1432 1064 evange-

326 1087 418 1169 licam
440 1089 563 1152 fortiter
595 1091 750 1171 tuebatur,
774 1092 832 1155 scd
855 1091 963 1176 magni
987 1090 1084 1156 officii
1107 1089 1166 1154 sibi
1190 1089 1350 1154 commissi
1373 1090 1432 1152 im-

326 1206 501 1261 memoret
534 1197 581 1282 (id
602 1199 686 1283 quod
709 1199 784 1263 alias
808 1200 995 1286 exprobrari
1021 1199 1051 1264 ei
1082 1222 1146 1263 non
1168 1199 1286 1286 potest)
1319 1197 1432 1283 populi

328 1305 542 1370 conditionem
565 1331 601 1371 ac
629 1329 759 1372 sensum
785 1308 910 1390 oblitus,
933 1308 1026 1372 nimis
1054 1329 1168 1372 secure
1198 1307 1302 1371 virum
1326 1306 1432 1393 priva-

327 1422 392 1476 tum
416 1423 447 1477 et
471 1413 630 1478 eruditum
654 1419 779 1500 agebat.
832 1413 911 1479 'lale
935 1415 1018 1479 onim
1040 1416 1180 1500 ponebat
1202 1413 1363 1478 doctrinae
1386 1421 1431 1476 at-

328 1543 389 1607 quc
411 1523 682 1587 caeremoniarum
715 1524 896 1606 discrimen,
929 1525 1023 1610 quale
1052 1523 1158 1588 sanior
1190 1523 1303 1615 populi
1338 1543 1431 1586 mens

327 1633 413 1696 ferre
435 1653 500 1695 non
521 1635 694 1719 poterat1).
752 1632 861 1713 Quare
898 1643 972 1699 tuno
1007 1633 1074 1698 veri
1109 1632 1226 1717 aliquid
1260 1631 1362 1695 inerat
1397 1631 1432 1695 in

326 1741 424 1806 Flacii
437 1740 558 1827 lllyrici
582 1742 698 1823 verbis,
718 1752 860 1807 ceterum
880 1743 1053 1808 adversarii
1074 1741 1270 1827 iniquissimi,
1286 1741 1429 1821 dicentis,

326 1851 419 1914 nimis
442 1850 600 1914 eruditum
624 1873 696 1914 esse
715 1851 909 1938 Philippum.
932 1850 1045 1935 Neque
1069 1873 1106 1916 eo
1126 1859 1247 1914 tantum
1268 1857 1425 1935 tempore,

302 1957 385 2022 ·scd
408 1958 468 2022 iam
490 1968 581 2024 antea
601 1958 671 2046 ipso
694 1959 749 2023 illo
775 1961 914 2025 candore
938 1983 1000 2045 quo
1025 1962 1063 2025 ab
1088 1960 1174 2024 omni
1195 1960 1267 2024 luco
1285 1967 1425 2023 remotus

325 2076 393 2132 erat
414 2067 581 2152 aliquoties
606 2068 721 2133 lactum
745 2079 802 2152 cst,
830 2079 865 2133 ut
887 2069 1025 2134 facilitati
1055 2091 1131 2134 suae
1153 2069 1314 2134 scribendi
1336 2067 1427 2132 nimi·

325 2203 379 2245 um
411 2181 605 2267 indulgeret,
628 2183 684 2248 ubi
715 2185 815 2248 verba
848 2192 937 2248 caute
972 2173 1159 2270 expendere
1190 2189 1221 2246 ct
1251 2181 1428 2245 invidiosae

325 2290 586 2376 reprehensionis
615 2291 813 2357 occasionem
843 2290 1032 2378 praecidere
1054 2313 1186 2355 necesse
1210 2289 1331 2354 fuisset
1375 2287 1428 2352 Id·

327 2401 410 2465 circo
433 2409 520 2465 recte
551 2401 612 2464 iem
638 2399 798 2482 Erasmus,
820 2410 855 2464 ut
886 2409 952 2466 erat
980 2401 1012 2462 in
1035 2399 1214 2464 iudicandis
1246 2397 1427 2463 hominibus

325 2509 560 2594 sagacissimus,
583 2509 769 2575 breviante
793 2509 911 2575 obitum
936 2509 965 2574 ei
994 2507 1130 2595 scripsit,
1164 2509 1214 2586 „in
1234 2507 1324 2572 libris
1348 2508 1426 2588 eius,

324 2618 359 2683 iu
389 2619 503 2702 quibus
538 2618 598 2683 sibi
632 2618 730 2683 multa
760 2619 969 2683 vehementer
998 2617 1168 2698 arrideant,
1202 2616 1363 2680 interdum
1393 2639 1428 2680 se

325 2729 510 2793 desiderare
531 2729 712 2814 plusculum
732 2729 1042 2816 circumspectionis,
1065 2729 1250 2814 frequenter
1273 2727 1356 2792 enim
1382 2728 1427 2792 sio

324 2837 439 2901 leviter
461 2859 533 2900 eum
562 2837 663 2922 capita
690 2859 798 2902 rerum
820 2839 987 2924 attingere,
1020 2846 1055 2902 ut
1074 2838 1249 2922 negligere
1271 2837 1427 2917 videatur,

327 2945 406 3027 quid
429 2955 520 3010 acuto
550 2947 663 3011 lectori
694 2947 805 3012 venire
833 2949 936 3034 possit
964 2948 997 3010 in
1026 2943 1234 3032 mentemst).
1279 2945 1345 3012 Sed
1377 2944 1428 3029 qui

303 3054 485 3132 ¹eiusmodi
513 3076 632 3120 naevos
663 3065 864 3141 exaggerant
895 3065 926 3120 et
955 3056 1066 3120 odioso
1097 3077 1155 3120 suo
1188 3056 1229 3120 de
1251 3063 1336 3119 tanto
1360 3053 1427 3116 viro

327 3162 445 3227 iudicio
466 3173 669 3248 praetexunt,
698 3164 828 3230 videant
857 3187 898 3228 nc
921 3164 980 3229 sibi
1009 3163 1086 3251 ipsis
1118 3164 1231 3229 mentis
1256 3183 1428 3249 perversae

328 3281 422 3356 atque
443 3273 631 3338 inhonestae
655 3273 810 3338 maculam
834 3274 998 3338 inurentes
1019 3275 1136 3338 frustra
1159 3273 1192 3337 id
1223 3283 1321 3358 agant
1342 3272 1429 3358 quod

328 3380 470 3444 innuitur
492 3382 593 3446 veteri
614 3384 805 3468 proverbio:
831 3381 1027 3448 Scarabaeus
1049 3381 1195 3467 aquilam.

371 3489 486 3576 Longe
507 3490 599 3555 aliter
620 3491 702 3556 inter
715 3492 801 3576 ipsos
818 3491 1016 3557 adversarios
1031 3491 1292 3578 praestantissimi
1303 3491 1429 3576 quidam

330 3600 597 3687 eruditissimique
618 3602 678 3666 viri
700 3603 741 3667 de
762 3603 819 3667 illo
841 3603 1062 3668 iudicaverunt
1081 3603 1179 3688 idque
1198 3603 1309 3690 plures
1330 3625 1428 3667 annos

328 3719 402 3797 post
426 3710 544 3774 editam
568 3711 800 3776 confessionem
823 3713 1054 3798 Augustanam.
1079 3710 1133 3780 Sic
1154 3711 1313 3777 Iohannes
1338 3711 1429 3778 Cam·

329 3818 438 3904 peusis
467 3818 500 3882 in
534 3819 657 3904 litteris,
691 3822 805 3905 quibus
853 3822 1114 3888 commentarium
1147 3845 1238 3886 suum
1273 3823 1305 3886 in
1353 3823 1429 3888 duas

330 3991 532 4002 υ--σηι-ι--ι-ο-

386 4059 411 4128 1)
431 4058 471 4112 Of.
491 4059 525 4112 de
543 4057 585 4112 his
603 4058 637 4113 H.
659 4057 758 4112 Rossel
782 4057 996 4126 „Melanchthon
1014 4058 1071 4113 und
1090 4057 1139 4114 das
1159 4058 1292 4113 Interim“
1312 4058 1341 4110 in
1361 4057 1431 4111 eius·

332 4153 396 4208 dem
415 4153 634 4223 „Theologischc
655 4152 813 4208 Schriften“
832 4172 859 4224 p.
879 4154 1027 4210 133-176.

385 4251 410 4320 2)
430 4250 458 4305 C.
475 4250 508 4304 R.
526 4250 567 4303 111
585 4251 628 4306 86.
