3200 5088
743 332 783 396 73

313 512 363 578 Tu
387 533 440 577 mc
463 519 602 578 sustenta
626 509 784 596 fragilem,
806 518 840 573 tu
863 507 989 574 Christe
1015 511 1172 594 guberna,
1245 515 1247 522 '

377 621 435 703 lac,
458 629 493 685 ut
514 621 574 686 sim
595 641 718 685 massae
741 619 886 684 surculus
909 619 979 704 ipso
1001 627 1084 684 triae.

207 848 261 904 aut
281 839 387 903 inania
407 838 596 924 spectacula.
630 875 671 885 -
703 837 856 922 Magnum
887 835 1077 901 sustinemus
1100 857 1190 919 onus,
1215 839 1266 922 qui
1285 863 1310 910 ,a

209 948 282 1012 Deo
304 949 338 1011 in
360 947 443 1012 hanc
465 946 633 1012 stationem
659 945 774 1011 delecti
798 967 917 1010 sumus.
940 943 1010 1010 Nec
1036 944 1201 1030 quisquam
1223 954 1329 1012 tanta'

210 1065 258 1124 est
279 1057 310 1120 vi
331 1055 465 1142 ingenii,
487 1063 523 1120 ut
543 1055 604 1119 nisi
638 1055 807 1119 adiuvante
835 1053 908 1118 Deo
926 1055 992 1138 lieo
1018 1075 1133 1120 munus
1167 1055 1308 1119 omnium

211 1164 434 1230 difficillimum
457 1164 593 1230 feli-citer
619 1164 839 1229 administrare
864 1164 991 1251 possit.“
1035 1164 1194 1247 ,Eosdem
1218 1164 1311 1228 decet

208 1273 329 1338 animos
351 1276 384 1336 in
405 1274 529 1338 scholas
550 1273 668 1338 afferre
691 1294 769 1358 quos
792 1274 825 1356 in
846 1274 966 1360 templa
991 1274 1182 1339 afferimus.“
1227 1273 1309 1353 „Co-

208 1382 307 1469 gitate
330 1404 447 1467 quaeso
468 1406 561 1468 quam
583 1383 707 1469 augusti
732 1392 762 1448 et
783 1385 960 1448 venerandi
993 1395 1099 1450 coetus
1121 1386 1183 1449 sint
1205 1409 1303 1472 ange·

208 1492 272 1556 lici.
317 1489 442 1554 Horum
465 1491 621 1577 imagines
652 1493 798 1556 interris
821 1493 1000 1559 scholastici
1030 1503 1202 1559 convontus
1235 1517 1306 1559 esse

209 1602 338 1682 debent,
360 1622 474 1664 munus
499 1608 584 1664 certe
608 1600 696 1664 idem
718 1610 766 1665 est
788 1610 819 1666 ct
833 1602 982 1667 officium.
1012 1601 1207 1668 Profitcntur
1222 1603 1309 1668 idem

210 1710 296 1794 quod
317 1717 433 1773 canunt
456 1707 579 1792 angeli:
626 1705 739 1774 Gloria
765 1709 797 1774 in
832 1709 969 1775 excelsis
994 1708 1069 1775 Deo
1100 1719 1130 1776 ct
1160 1710 1193 1774 in
1222 1720 1310 1776 terra

209 1842 275 1904 pax
297 1827 328 1882 et
349 1818 531 1883 hominibus
553 1817 688 1882 laetitia“
701 1819 736 1906 ¹).

249 1929 340 1994 Haec
360 1914 462 2014 igitur
481 1929 642 1994 academia
663 1929 804 1993 universi
832 1928 918 1992 illius
948 1928 1161 1993 doctrinarum
1183 1929 1310 1993 artium·

209 2061 270 2122 que
297 2038 394 2120 chori,
428 2038 554 2124 qualem
587 2047 693 2103 mente
729 2039 894 2103 effinxisse
923 2037 1199 2104 lllelanchthonem
1221 2037 1310 2102 initio

208 2147 356 2229 vidimus,
381 2147 468 2232 quasi
500 2147 532 2210 in
559 2147 628 2233 ipsa
658 2147 823 2212 hominum
854 2147 1005 2212 societate
1038 2169 1192 2233 expressa
1216 2156 1310 2232 atque

209 2255 351 2322 exhibita
373 2255 479 2341 imago
506 2265 562 2319 est.
608 2254 718 2341 Itaque
742 2256 978 2342 quodammodo
1007 2276 1139 2320 reversa
1160 2255 1200 2320 ad
1222 2255 1308 2343 prin-

213 2363 329 2448 cipium
352 2387 444 2428 suum
465 2364 607 2428 oratione
628 2373 744 2446 nostra,
769 2364 802 2428 id
820 2364 906 2448 quod
919 2365 1022 2428 animo
1038 2385 1307 2450 proposueramus

210 2471 407 2558 peregimus
456 2469 648 2537 Universam
676 2471 895 2538 scholasticam
924 2471 1097 2536 doctrinam
1126 2494 1168 2537 ex
1188 2471 1309 2537 Melan-

212 2581 355 2647 chthonis
375 2590 482 2646 mente
503 2563 598 2645 talem
621 2583 707 2666 quasi
730 2581 927 2646 lineamentis
950 2581 1253 2667 circumscripsimus
1279 2591 1310 2646 et

209 2691 476 2771 adumbravimus,
503 2692 630 2776 qualem
652 2691 852 2755 conformare
872 2691 928 2754 ille
945 2689 1126 2755 Camerario
1149 2698 1228 2754 teste
1245 2699 1308 2754 stu-

211 2799 288 2882 duit,
311 2808 347 2863 ut
369 2800 518 2864 nimirum
542 2800 682 2878 „initium
706 2823 776 2865 oum
800 2800 863 2865 fine
892 2799 1030 2884 denique
1057 2799 1307 2885 coniungeretur

212 2919 244 2974 ct
265 2908 364 2974 coiret
388 2917 419 2974 et
439 2908 540 2973 omnis
563 2909 621 2973 ista
643 2909 784 2974 tractatio
810 2931 874 2974 uno
898 2910 976 2974 orbe
998 2909 1229 2994 comprehensa
1252 2911 1306 2974 ab·

211 3018 398 3098 solveretur,
434 3017 520 3082 ouius
554 3038 668 3082 nomen
703 3017 821 3100 placuit
855 3038 926 3080 esse
958 3017 1306 3104 encyclopaediamss).

210 3123 299 3190 Haeo
321 3125 434 3206 omnia,
459 3134 490 3188 ct
512 3125 639 3215 sipgula
663 3134 693 3189 et
721 3125 877 3207 universa,
900 3124 927 3189 si
951 3125 1019 3208 quis
1041 3125 1075 3189 in
1098 3125 1236 3189 animum
1258 3147 1307 3191 rc-

209 3243 311 3314 vocat,
333 3233 360 3296 is
383 3235 527 3319 profecto
552 3243 628 3320 quot
648 3234 724 3299 inde
746 3235 867 3298 semina
885 3236 938 3298 vel
961 3233 1085 3320 (utalia
1101 3233 1309 3299 similitudine

210 3342 255 3406 uti
276 3342 383 3429 liceat)
414 3349 489 3426 quot
512 3343 600 3428 quasi
622 3343 779 3409 fermenta
803 3343 992 3428 cognitionis
1016 3365 1126 3428 sparsa
1147 3343 1218 3424 sint,
1241 3352 1307 3407 tum

211 3451 294 3514 inter
314 3451 568 3516 Melanchthonis
589 3452 759 3534 auditores,
784 3475 862 3536 quos
878 3453 1039 3516 interdum
1059 3452 1132 3538 plus
1155 3452 1217 3517 duo
1237 3452 1307 3516 mil·

210 3558 253 3622 lia
275 3559 424 3625 habuisse
448 3561 559 3640 fertur,
587 3569 651 3623 turn
683 3560 766 3626 inter
804 3583 867 3641 eos,
899 3560 952 3645 qui
975 3562 1092 3646 scripta
1121 3561 1187 3627 eius
1211 3563 1308 3626 mani-

211 3669 269 3733 bus
301 3672 478 3750 versabant,
502 3691 736 3754 recognoscere
769 3670 860 3734 facile
889 3680 1003 3754 potest.
1057 3669 1098 3734 Et
1123 3670 1156 3734 id
1179 3671 1306 3755 quidem

209 3777 271 3842 hoc
311 3777 382 3842 loco
421 3788 596 3842 memoratu
641 3779 773 3864 dignum
814 3779 956 3861 videtur,
999 3781 1085 3865 quod
1135 3780 1308 3869 praecipue

209 3885 299 3972 ipsae
322 3886 396 3952 illac
420 3887 578 3952 orationes
601 3889 811 3971 academicae,
836 3912 912 3974 quas
931 3912 1080 3975 magnam
1103 3901 1226 3976 partem
1248 3891 1307 3977 pro'

209 4051 407 4064 —··-—-——

222 4195 226 4207 .
262 4153 288 4222 1)
305 4151 344 4204 XI
354 4151 414 4207 304.
428 4150 488 4207 342.
497 4152 559 4206 301.
569 4167 644 4221 seqq.
655 4153 716 4208 305.
727 4153 788 4208 650.
799 4153 825 4206 X
837 4153 896 4209 921.
906 4153 995 4210 XXIV
1006 4151 1049 4208 78.
1058 4153 1097 4206 XI
1107 4151 1167 4209 647.
1179 4169 1235 4222 seq.
1243 4151 1304 4207 438.

262 4249 288 4320 2)
308 4249 444 4306 Gamerar.
460 4247 478 4303 l.
499 4265 522 4304 c.
539 4265 567 4319 p.
586 4249 628 4304 52.
646 4264 703 4318 aeq.
