3186 5090
882 366 926 430 80

349 539 468 606 faciunt
499 560 592 626 quam
622 540 758 626 partium
789 543 937 625 studium,
971 554 1003 609 et
1027 545 1221 631 religionem
1253 542 1454 609 christianam

350 673 422 718 cum
442 649 567 714 sincero
589 649 778 735 ardentique
803 652 944 716 omnium
965 652 1320 720 humaniorumartium
1343 673 1452 720 amore

348 759 524 827 arctissime
561 759 803 826 consociandam
840 783 910 827 esse
942 762 1090 827 sentiunt.
1146 762 1339 848 Quicunque
1373 761 1455 825 hanc

349 870 449 934 solam
480 889 551 934 esse
578 869 660 934 viam
694 869 883 953 existimant,
913 894 974 956 qua
1000 872 1150 937 universa
1170 872 1233 936 vita
1262 895 1299 937 oc
1322 869 1454 936 scicntia

348 980 485 1044 humana
507 979 548 1042 ad
569 999 665 1043 verae
686 979 812 1043 unitatis
837 990 868 1044 et
887 981 1094 1067 perfectionis
1116 981 1275 1068 fastigium
1297 979 1456 1065 perduca-

348 1097 410 1171 tur,
433 1088 722 1170 Melanchthonem,
746 1089 900 1174 quidquid
922 1090 955 1154 in
979 1111 1017 1155 eo
1051 1088 1243 1173 desiderant,
1268 1087 1454 1154 felicissime

348 1199 381 1262 in
402 1198 462 1262 hac
483 1197 533 1261 via
556 1198 730 1283 aperienda
754 1219 886 1285 operam
909 1200 1094 1283 collocasse,
1118 1208 1210 1288 grato
1232 1199 1339 1264 animo
1356 1219 1456 1283 agno-

349 1315 448 1373 scent.
502 1304 694 1392 Ubicunque
724 1308 788 1372 vita
818 1308 999 1374 academica
1030 1310 1063 1372 in
1097 1309 1220 1373 honore
1253 1308 1392 1373 habetur
1428 1313 1460 1371 ct

348 1441 471 1484 summa
495 1417 682 1482 eruditionis
712 1417 779 1482 laus
801 1417 836 1481 in
862 1418 1005 1505 perfecta
1027 1427 1121 1503 atque
1151 1421 1235 1484 benc
1259 1417 1457 1490 consonanti,

348 1536 384 1593 ut
403 1527 444 1590 ita
468 1526 580 1607 dicam,
604 1526 712 1590 variae
742 1525 929 1612 solidaeque
952 1527 1114 1593 doctrinae
1138 1527 1342 1593 cohaerentia
1364 1525 1458 1612 poni-

348 1644 409 1717 tur,
437 1634 664 1701 Melanchthon
687 1656 764 1700 vere
795 1623 910 1700 eruditi
940 1659 1082 1722 vereque
1110 1636 1284 1701 academici
1307 1634 1371 1700 viri
1403 1657 1459 1699 ex·

350 1745 490 1830 emplum
510 1757 642 1831 'semper
664 1744 864 1810 iudicabitur.
907 1744 1011 1811 Nemo
1030 1747 1159 1812 forsitan
1189 1755 1301 1834 postea
1325 1754 1459 1832 praeter

349 1853 541 1919 Leibnitium
575 1853 649 1938 (hac
678 1853 807 1936 quidem
838 1876 873 1917 re
896 1854 963 1918 eius
996 1877 1061 1919 non
1085 1855 1286 1942 dissimilem)
1325 1855 1458 1938 exstitit,

350 1962 403 2048 qui
424 1961 599 2046 ingenium,
625 1962 665 2025 ad
695 1963 918 2047 permetienda
938 1972 1023 2028 tanta
1051 1971 1179 2050 tamque
1203 1965 1291 2028 varia
1312 1965 1407 2028 vitae·
1420 1988 1458 2028 ac

349 2071 500 2136 scientiae
530 2071 630 2157 spatia
653 2080 769 2152 natum,
801 2071 841 2136 ad
872 2073 1006 2136 candem
1039 2074 1128 2158 quasi
1162 2072 1303 2136 omnium
1341 2072 1461 2137 virium

347 2190 554 2265 motuumque
585 2183 826 2266 congruentiam
858 2180 1046 2246 excoluerit.
1101 2179 1191 2246 Haec
1220 2181 1358 2246 interior
1387 2181 1458 2268 pul-

349 2291 495 2356 chritudo
517 2288 610 2356 etiam
642 2313 684 2355 ex
711 2290 767 2354 illa
793 2291 888 2355 totius
920 2291 1134 2356 doctrinarum
1164 2291 1344 2375 artiumque
1370 2269 1469 2358 chori

349 2399 459 2484 effigie
475 2401 606 2481 relucet,
628 2421 722 2484 quam
734 2399 1014 2464 Melanchthonem
1034 2409 1139 2466 mente
1164 2424 1222 2466 sua
1238 2401 1461 2466 conformasse

346 2508 494 2573 vidimus.
552 2507 661 2588 Quare
690 2508 716 2572 s‘i
754 2508 822 2592 quis
843 2510 883 2573 nd
907 2531 977 2574 eam
1008 2509 1285 2595 contemplandam
1313 2511 1459 2576 animum
1551 2587 1552 2590 Ἴ

348 2619 431 2682 bene
455 2617 658 2682 constitutum
681 2626 712 2682 et
744 2617 879 2684 candido
909 2618 977 2682 veri
1000 2619 1190 2705 pulchrique
1224 2641 1335 2684 amore
1366 2645 1458 2686 orna-

347 2729 414 2789 tum
438 2725 586 2806 attulerit,
619 2746 715 2809 spero
740 2726 809 2790 fore
842 2735 876 2789 ut
898 2726 1004 2813 ipsum
1034 2727 1314 2793 Melanchthcnem
1343 2730 1461 2818 diligat

349 2844 380 2900 et
402 2834 613 2901 libentissime
637 2855 673 2898 ea
699 2833 760 2899 sibi
780 2835 879 2900 verba
904 2845 1050 2918 assumat,
1075 2837 1188 2921 quibus
1211 2836 1303 2901 illum
1328 2859 1374 2902 ex
1400 2839 1464 2904 ha'c

347 2943 492 3009 terrestri
515 2945 578 3008 vita
609 2951 774 3008 evocatum
803 2944 1035 3031 Francogallus
1066 2945 1194 3031 quidam
1219 2955 1315 3033 poeta
1343 2969 1462 3034 prose-

350 3063 439 3119 cutus
463 3062 526 3117 est:

630 3157 749 3226 Carum
774 3145 793 3227 o
814 3161 907 3227 honis
930 3162 1048 3228 cunctis
1073 3164 1183 3249 caput!

655 4265 780 4332 Bonnae,
801 4264 896 4318 formis
916 4265 1007 4318 Caroli
1028 4265 1140 4336 Georgi.
