3186 5090
841 330 884 396 34

306 506 396 573 Plato
418 507 471 589 ait,
492 507 664 594 negligere
689 506 807 590 Deum,
828 507 882 592 qui
902 515 1030 594 gratam
1045 509 1086 573 de
1109 530 1145 574 se
1168 509 1282 574 fanum
1304 511 1338 574 in
1359 510 1409 576 his

304 615 422 680 artibus
444 615 584 680 humano
608 615 723 702 generi
746 615 922 702 tribuum).

350 722 409 804 ,Et
428 746 533 789 meam
554 735 584 790 et
607 725 747 808 omnium
769 725 929 812 ignaviam
951 725 1097 812 deploro,
1118 747 1229 791 omnes
1253 726 1337 792 enim
1358 751 1409 794 su-

305 857 375 900 mus
398 833 654 922 negligentiores
676 833 709 898 in
730 833 913 921 aspicienda
932 843 1044 899 natura
1066 843 1097 899 et
1117 835 1179 901 hoc
1200 836 1322 901 theatro
1343 837 1409 901 Dei

306 942 553 1030 contemplando
585 965 679 1029 quam
705 945 889 1030 oportebat;
922 966 1019 1029 quum
1046 943 1173 1030 quidem
1204 954 1235 1009 et
1256 944 1347 1010 Deus
1367 947 1408 1011 ad

304 1051 368 1117 hoc
390 1050 531 1116 studium
552 1074 610 1117 nos
633 1051 745 1118 invitet
766 1062 797 1116 et
818 1051 899 1116 nihil
920 1053 981 1118 hac
1003 1053 1194 1139 cogitatione
1218 1053 1345 1119 dulcius
1367 1054 1408 1118 sit

306 1171 338 1226 et
359 1162 533 1227 valetudini
562 1186 599 1227 ac
628 1161 711 1227 vitae
745 1163 826 1228 haec
856 1162 1022 1248 diligentia
1043 1162 1215 1250 plurimum
1242 1166 1409 1248 profutura

306 1281 400 1339 esset.
444 1271 634 1358 Quanquam
656 1281 761 1336 autem
783 1294 878 1336 nemo
901 1274 975 1338 satis
995 1272 1133 1337 intentus
1154 1281 1313 1358 spectator
1337 1296 1409 1338 esse

305 1391 436 1447 naturae
457 1389 578 1468 potest,
609 1389 715 1446 tamen
748 1381 854 1447 omnia
883 1384 967 1447 bona
1000 1382 1129 1468 ingenia
1159 1383 1314 1448 hortanda
1337 1391 1410 1447 sunt

304 1491 345 1557 ad
368 1492 450 1556 hauc
474 1489 760 1556 considerationem
790 1490 1010 1578 dignissimam
1041 1490 1188 1555 homine:
1223 1489 1287 1554 imo
1310 1512 1408 1576 quum

306 1610 338 1668 et
358 1601 450 1666 Deus
473 1623 544 1666 eam
565 1600 748 1687 praecipiat,
771 1601 876 1686 ipsum
907 1623 1033 1687 quoque
1055 1610 1186 1672 naturae
1209 1601 1408 1666 conditorem

306 1732 374 1792 oro,
397 1719 432 1774 ut
457 1711 631 1774 multorum
652 1708 758 1775 flectat
780 1718 902 1774 mentes
926 1710 967 1774 ad
992 1710 1055 1775 hoe
1086 1709 1224 1774 studium
1249 1719 1280 1775 et
1311 1732 1405 1775 exsu-

307 1818 398 1883 scitet
414 1839 476 1899 eas,
499 1826 534 1881 ut
557 1819 589 1881 in
604 1817 663 1882 hac
679 1817 933 1883 consideratione
958 1817 1063 1903 ipsum
1078 1839 1205 1904 quoque
1220 1827 1406 1904 agnoscant,

305 1936 500 1992 venerentur
525 1935 556 1990 et
579 1926 808 2014 celebrent“²).

347 2033 445 2108 Utin
469 2035 644 2122 disciplinis
666 2035 895 2122 philosophicis
917 2045 1011 2121 atque
1037 2037 1190 2123 physieiS,
1213 2038 1256 2101 ita
1278 2039 1310 2102 in
1330 2040 1405 2102 sori-

305 2145 412 2212 benda
432 2144 563 2209 historia
583 2153 709 2209 veteres
734 2167 793 2232 pro
819 2144 944 2230 optimis
967 2145 1127 2232 magistris
1149 2147 1269 2212 habuit.
1305 2145 1408 2228 Quam

305 2255 470 2342 praeclara
497 2254 591 2319 huius
623 2277 750 2341 quoque
779 2254 853 2319 artis
876 2255 983 2342 imago
1007 2255 1113 2320 animo
1142 2256 1209 2320 cius
1241 2258 1409 2322 obversata

306 2365 362 2448 sit,
387 2367 487 2430 verba
510 2365 667 2451 quaedam
690 2364 862 2430 ostendunt
883 2365 1080 2451 praefationi,
1104 2387 1199 2451 quam
1220 2366 1252 2430 in
1285 2364 1408 2430 chroni-

307 2497 379 2540 cum
411 2473 530 2541 abbatis
560 2471 795 2559 Ursbergensis
831 2497 849 2538 a
883 2495 918 2538 se
953 2473 1073 2537 editum
1107 2472 1242 2559 scripsit,
1279 2474 1410 2538 inserta.

309 2582 490 2668 „Magnum
514 2580 625 2667 inquit,
650 2590 681 2647 et
713 2581 845 2647 difficile
877 2603 957 2667 opus
979 2590 1035 2664 cst,
1058 2583 1216 2668 integram
1247 2581 1410 2647 historiam

308 2700 395 2757 recte
418 2692 575 2773 scribere,
611 2701 641 2756 et
672 2691 758 2756 haud
792 2690 857 2756 seio
892 2713 931 2754 an
963 2690 1046 2756 inter
1081 2691 1282 2776 eloquentiae
1314 2711 1412 2777 opera

309 2800 453 2866 omnium
476 2800 576 2886 longe
599 2799 831 2866 difficillimum.
852 2799 992 2865 Facilius
1008 2801 1144 2865 esttalcs
1168 2799 1410 2865 commentarios

309 2907 365 2996 (de
394 2907 551 2974 chronicis
579 2907 677 2972 medii
709 2909 778 2972 aevi
806 2907 959 2994 loquitur)
993 2929 1181 2994 excerpere,
1214 2906 1272 2971 sed
1304 2915 1411 2971 tamen

307 3017 431 3104 eligere
454 3001 512 3098 ea,¹
524 3039 604 3102 quae
625 3015 799 3101 plurimum
813 3016 931 3082 habent
948 3014 1112 3101 ponderis,
1131 3015 1319 3100 intelligere
1336 3036 1409 3079 con·

308 3123 378 3190 silia
406 3133 499 3209 atque
526 3124 708 3190 occasiones
739 3123 960 3210 negociorum,
982 3123 1120 3188 hominis
1151 3132 1283 3189 estnon
1305 3121 1409 3186 solum

308 3255 374 3298 non
392 3232 528 3314 hebetis,
544 3233 611 3296 scd
644 3231 738 3296 etiam
759 3255 817 3296 usu
848 3232 942 3318 periti
967 3243 998 3297 et
1026 3233 1143 3298 versati
1175 3232 1209 3294 in
1233 3229 1409 3318 republica,

308 3343 441 3408 ethaeo
462 3349 534 3429 apte
557 3340 747 3407 distribuere
771 3350 802 3404 et
825 3341 966 3406 dilucide
987 3340 1121 3407 recitare
1143 3362 1238 3406 nemo
1256 3339 1316 3404 nisi
1329 3339 1409 3405 libc-

306 3450 366 3516 rali
391 3449 533 3516 doctrina
556 3449 700 3515 excultus
723 3449 893 3536 potest“³).
938 3449 1028 3514 Alias
1060 3449 1225 3514 historiam
1254 3448 1410 3534 picturam

306 3559 437 3645 generis
460 3558 590 3623 humani
610 3557 760 3624 nominat.
809 3557 980 3625 Sincaius
1014 3557 1198 3642 cognitione
1232 3555 1328 3620 vitam
1351 3554 1409 3618 hu-

295 3689 434 3732 manam
462 3666 550 3732 aliud
578 3666 656 3730 nihil
689 3689 758 3732 esse
793 3667 868 3732 dicit
901 3689 994 3752 quam
1023 3673 1214 3753 perpetuam
1252 3663 1410 3749 quandam

309 3776 487 3862 pueritiam,
510 3775 573 3840 imo
600 3768 678 3870 vcro
699 3785 888 3863 perpetuam
910 3775 1081 3862 caliginem
1103 3798 1140 3840 ac
1162 3771 1390 3857 caedtatem4).

362 3984 387 4053 1)
405 3981 444 4038 XI
462 3983 521 4038 114.
541 3982 601 4040 943.
622 3999 698 4052 seqq.
717 3982 778 4040 297.
797 3999 853 4052 seq.
873 3983 934 4039 249.
954 3998 1010 4050 seq.
1029 3980 1072 4052 (cf.
1092 3977 1272 4047 xvm182).

364 4081 391 4149 2)
410 4079 449 4133 XI
467 4079 528 4134 827.

361 4175 389 4244 3)
406 4175 447 4228 ΠΙ
465 4175 525 4230 217.

361 4271 389 4341 4)
407 4271 447 4325 IX
465 4273 543 4327 1076.
562 4271 601 4325 XI
618 4273 679 4327 862.
