<?xml version="1.0" encoding="UTF-8"?>
<!DOCTYPE html PUBLIC "-//W3C//DTD XHTML 1.0 Transitional//EN"
    "http://www.w3.org/TR/xhtml1/DTD/xhtml1-transitional.dtd">
<html xmlns="http://www.w3.org/1999/xhtml" xml:lang="en" lang="en">
 <head>
  <title>
</title>
<meta http-equiv="Content-Type" content="text/html;charset=utf-8" />
  <meta name='ocr-system' content='tesseract 3.04.00' />
  <meta name='ocr-capabilities' content='ocr_page ocr_carea ocr_par ocr_line ocrx_word'/>
</head>
<body>
  <div class='ocr_page' id='page_1' title='image "./dephilippomelan00schlgoog_0073.png"; bbox 0 0 3200 5088; ppageno 0'>
   <div class='ocr_carea' id='block_1_1' title="bbox 762 350 804 416">
    <p class='ocr_par' dir='ltr' id='par_1_1' title="bbox 762 350 804 416">
     <span class='ocr_line' id='line_1_1' title="bbox 762 350 804 416; baseline 0 0"><span class='ocrx_word' id='word_1_1' title='bbox 762 350 804 416; x_wconf 79' lang='lat'><strong>65</strong></span> 
     </span>
    </p>
   </div>
   <div class='ocr_carea' id='block_1_2' title="bbox 168 529 1405 4108">
    <p class='ocr_par' dir='ltr' id='par_1_2' title="bbox 168 529 1405 4108">
     <span class='ocr_line' id='line_1_2' title="bbox 230 529 1327 615; baseline 0.002 -23"><span class='ocrx_word' id='word_1_2' title='bbox 230 529 375 595; x_wconf 85' lang='lat' dir='ltr'><strong>volare.“</strong></span> <span class='ocrx_word' id='word_1_3' title='bbox 417 529 506 598; x_wconf 90' lang='lat' dir='ltr'><strong>Multi</strong></span> <span class='ocrx_word' id='word_1_4' title='bbox 529 531 680 596; x_wconf 89' lang='lat' dir='ltr'><strong>nimirum</strong></span> <span class='ocrx_word' id='word_1_5' title='bbox 704 531 829 596; x_wconf 89' lang='lat' dir='ltr'><strong>medico</strong></span> <span class='ocrx_word' id='word_1_6' title='bbox 851 531 1000 596; x_wconf 88' lang='lat' dir='ltr'><strong>sufficere</strong></span> <span class='ocrx_word' id='word_1_7' title='bbox 1020 531 1171 615; x_wconf 85' lang='lat' dir='ltr'><strong>putabant</strong></span> <span class='ocrx_word' id='word_1_8' title='bbox 1188 531 1257 596; x_wconf 88' lang='lat' dir='ltr'><strong>sine</strong></span> <span class='ocrx_word' id='word_1_9' title='bbox 1273 530 1327 596; x_wconf 92' lang='lat' dir='ltr'><strong>do-</strong></span> 
     </span>
     <span class='ocr_line' id='line_1_3' title="bbox 231 639 1323 728; baseline -0.001 -22"><span class='ocrx_word' id='word_1_10' title='bbox 231 639 327 706; x_wconf 87' lang='lat' dir='ltr'><strong>ctrina</strong></span> <span class='ocrx_word' id='word_1_11' title='bbox 347 639 563 726; x_wconf 78' lang='lat' dir='ltr'><strong>experientiae</strong></span> <span class='ocrx_word' id='word_1_12' title='bbox 580 641 737 728; x_wconf 86' lang='lat' dir='ltr'><strong>quandam</strong></span> <span class='ocrx_word' id='word_1_13' title='bbox 752 641 955 726; x_wconf 85' lang='lat' dir='ltr'><strong>farraginem.</strong></span> <span class='ocrx_word' id='word_1_14' title='bbox 978 639 1085 720; x_wconf 79' lang='lat' dir='ltr'><strong>Quare</strong></span> <span class='ocrx_word' id='word_1_15' title='bbox 1099 641 1323 706; x_wconf 87' lang='lat' dir='ltr'><strong>Melanehthon</strong></span> 
     </span>
     <span class='ocr_line' id='line_1_4' title="bbox 231 749 1323 835; baseline -0.001 -21"><span class='ocrx_word' id='word_1_16' title='bbox 231 759 262 814; x_wconf 87' lang='lat' dir='ltr'><strong>et</strong></span> <span class='ocrx_word' id='word_1_17' title='bbox 281 749 457 814; x_wconf 84' lang='lat' dir='ltr'><strong>orationem</strong></span> <span class='ocrx_word' id='word_1_18' title='bbox 483 750 662 835; x_wconf 82' lang='lat' dir='ltr'><strong>composuit</strong></span> <span class='ocrx_word' id='word_1_19' title='bbox 681 759 813 831; x_wconf 88' lang='lat' dir='ltr'><strong>„eontra</strong></span> <span class='ocrx_word' id='word_1_20' title='bbox 837 750 1005 834; x_wconf 79' lang='lat' dir='ltr'><strong>empiricos</strong></span> <span class='ocrx_word' id='word_1_21' title='bbox 1032 750 1197 814; x_wconf 82' lang='lat' dir='ltr'><strong>medicos“</strong></span> <span class='ocrx_word' id='word_1_22' title='bbox 1204 753 1241 832; x_wconf 82' lang='grc'><strong>1).</strong></span> <span class='ocrx_word' id='word_1_23' title='bbox 1271 749 1323 813; x_wconf 82' lang='lat' dir='ltr'><strong>Ex</strong></span> 
     </span>
     <span class='ocr_line' id='line_1_5' title="bbox 231 847 1327 944; baseline 0 -22"><span class='ocrx_word' id='word_1_24' title='bbox 231 881 292 942; x_wconf 90' lang='lat' dir='ltr'><strong>qua</strong></span> <span class='ocrx_word' id='word_1_25' title='bbox 312 858 467 923; x_wconf 90' lang='lat' dir='ltr'><strong>nonnulla</strong></span> <span class='ocrx_word' id='word_1_26' title='bbox 489 859 717 944; x_wconf 89' lang='lat' dir='ltr'><strong>depromimus.</strong></span> <span class='ocrx_word' id='word_1_27' title='bbox 762 859 948 938; x_wconf 85' lang='lat' dir='ltr'><strong>„Assentior</strong></span> <span class='ocrx_word' id='word_1_28' title='bbox 969 847 1103 924; x_wconf 90' lang='lat' dir='ltr'><strong>multum</strong></span> <span class='ocrx_word' id='word_1_29' title='bbox 1124 859 1249 942; x_wconf 89' lang='lat' dir='ltr'><strong>pellere</strong></span> <span class='ocrx_word' id='word_1_30' title='bbox 1273 881 1327 924; x_wconf 87' lang='lat' dir='ltr'><strong>ex·</strong></span> 
     </span>
     <span class='ocr_line' id='line_1_6' title="bbox 229 965 1328 1054; baseline 0 -24"><span class='ocrx_word' id='word_1_31' title='bbox 229 965 428 1052; x_wconf 87' lang='lat' dir='ltr'><strong>perientiam,</strong></span> <span class='ocrx_word' id='word_1_32' title='bbox 452 987 495 1032; x_wconf 85' lang='lat' dir='ltr'><strong>ex</strong></span> <span class='ocrx_word' id='word_1_33' title='bbox 515 968 575 1033; x_wconf 86' lang='lat' dir='ltr'><strong>hac</strong></span> <span class='ocrx_word' id='word_1_34' title='bbox 596 968 679 1032; x_wconf 89' lang='lat' dir='ltr'><strong>enim</strong></span> <span class='ocrx_word' id='word_1_35' title='bbox 701 992 751 1034; x_wconf 90' lang='lat' dir='ltr'><strong>ars</strong></span> <span class='ocrx_word' id='word_1_36' title='bbox 774 967 925 1054; x_wconf 89' lang='lat' dir='ltr'><strong>paulatim</strong></span> <span class='ocrx_word' id='word_1_37' title='bbox 952 976 1024 1032; x_wconf 91' lang='lat' dir='ltr'><strong>nata</strong></span> <span class='ocrx_word' id='word_1_38' title='bbox 1047 975 1102 1032; x_wconf 90' lang='lat' dir='ltr'><strong>est.</strong></span> <span class='ocrx_word' id='word_1_39' title='bbox 1153 966 1221 1034; x_wconf 82' lang='lat' dir='ltr'><strong>Sed</strong></span> <span class='ocrx_word' id='word_1_40' title='bbox 1243 976 1328 1053; x_wconf 88' lang='lat' dir='ltr'><strong>pest·</strong></span> 
     </span>
     <span class='ocr_line' id='line_1_7' title="bbox 230 1077 1327 1162; baseline 0.002 -24"><span class='ocrx_word' id='word_1_41' title='bbox 230 1098 323 1159; x_wconf 90' lang='lat' dir='ltr'><strong>qnam</strong></span> <span class='ocrx_word' id='word_1_42' title='bbox 345 1099 395 1154; x_wconf 78' lang='lat' dir='ltr'><strong>ars</strong></span> <span class='ocrx_word' id='word_1_43' title='bbox 426 1086 554 1162; x_wconf 88' lang='lat' dir='ltr'><strong>reperta</strong></span> <span class='ocrx_word' id='word_1_44' title='bbox 584 1086 640 1158; x_wconf 87' lang='lat' dir='ltr'><strong>est,</strong></span> <span class='ocrx_word' id='word_1_45' title='bbox 664 1077 738 1142; x_wconf 88' lang='lat' dir='ltr'><strong>ideo</strong></span> <span class='ocrx_word' id='word_1_46' title='bbox 766 1077 909 1158; x_wconf 80' lang='lat' dir='ltr'><strong>traditur,</strong></span> <span class='ocrx_word' id='word_1_47' title='bbox 934 1097 974 1140; x_wconf 92' lang='lat' dir='ltr'><strong>ne</strong></span> <span class='ocrx_word' id='word_1_48' title='bbox 1005 1077 1081 1161; x_wconf 90' lang='lat' dir='ltr'><strong>qnid</strong></span> <span class='ocrx_word' id='word_1_49' title='bbox 1112 1086 1233 1142; x_wconf 89' lang='lat' dir='ltr'><strong>temere</strong></span> <span class='ocrx_word' id='word_1_50' title='bbox 1257 1099 1327 1141; x_wconf 87' lang='lat' dir='ltr'><strong>curn</strong></span> 
     </span>
     <span class='ocr_line' id='line_1_8' title="bbox 229 1184 1328 1272; baseline -0.002 -24"><span class='ocrx_word' id='word_1_51' title='bbox 229 1184 373 1270; x_wconf 88' lang='lat' dir='ltr'><strong>periculo</strong></span> <span class='ocrx_word' id='word_1_52' title='bbox 397 1186 532 1250; x_wconf 85' lang='lat' dir='ltr'><strong>aliorum</strong></span> <span class='ocrx_word' id='word_1_53' title='bbox 556 1187 768 1271; x_wconf 88' lang='lat' dir='ltr'><strong>experiamur,</strong></span> <span class='ocrx_word' id='word_1_54' title='bbox 790 1187 847 1250; x_wconf 89' lang='lat' dir='ltr'><strong>sed</strong></span> <span class='ocrx_word' id='word_1_55' title='bbox 870 1185 1013 1272; x_wconf 89' lang='lat' dir='ltr'><strong>priorum</strong></span> <span class='ocrx_word' id='word_1_56' title='bbox 1028 1186 1247 1270; x_wconf 86' lang='lat' dir='ltr'><strong>experimenta</strong></span> <span class='ocrx_word' id='word_1_57' title='bbox 1261 1185 1328 1248; x_wconf 90' lang='lat' dir='ltr'><strong>irni-</strong></span> 
     </span>
     <span class='ocr_line' id='line_1_9' title="bbox 230 1293 1327 1378; baseline -0.002 -20"><span class='ocrx_word' id='word_1_58' title='bbox 230 1302 330 1358; x_wconf 88' lang='lat' dir='ltr'><strong>tantes</strong></span> <span class='ocrx_word' id='word_1_59' title='bbox 362 1302 479 1360; x_wconf 88' lang='lat' dir='ltr'><strong>certam</strong></span> <span class='ocrx_word' id='word_1_60' title='bbox 508 1294 660 1358; x_wconf 90' lang='lat' dir='ltr'><strong>medendi</strong></span> <span class='ocrx_word' id='word_1_61' title='bbox 688 1295 845 1359; x_wconf 88' lang='lat' dir='ltr'><strong>rationem</strong></span> <span class='ocrx_word' id='word_1_62' title='bbox 872 1304 1048 1358; x_wconf 82' lang='lat' dir='ltr'><strong>teneamus.</strong></span> <span class='ocrx_word' id='word_1_63' title='bbox 1100 1293 1239 1358; x_wconf 87' lang='lat' dir='ltr'><strong>Proinde</strong></span> <span class='ocrx_word' id='word_1_64' title='bbox 1275 1294 1327 1378; x_wconf 92' lang='lat' dir='ltr'><strong>qui</strong></span> 
     </span>
     <span class='ocr_line' id='line_1_10' title="bbox 229 1402 1324 1489; baseline 0.001 -25"><span class='ocrx_word' id='word_1_65' title='bbox 229 1403 340 1467; x_wconf 82' lang='lat' dir='ltr'><strong>relicta</strong></span> <span class='ocrx_word' id='word_1_66' title='bbox 362 1412 429 1468; x_wconf 86' lang='lat' dir='ltr'><strong>arte</strong></span> <span class='ocrx_word' id='word_1_67' title='bbox 450 1425 511 1489; x_wconf 89' lang='lat' dir='ltr'><strong>per</strong></span> <span class='ocrx_word' id='word_1_68' title='bbox 530 1425 601 1468; x_wconf 87' lang='lat' dir='ltr'><strong>sese</strong></span> <span class='ocrx_word' id='word_1_69' title='bbox 623 1404 736 1468; x_wconf 87' lang='lat' dir='ltr'><strong>volunt</strong></span> <span class='ocrx_word' id='word_1_70' title='bbox 758 1402 899 1489; x_wconf 83' lang='lat' dir='ltr'><strong>experiri</strong></span> <span class='ocrx_word' id='word_1_71' title='bbox 925 1403 1001 1487; x_wconf 92' lang='lat' dir='ltr'><strong>quid</strong></span> <span class='ocrx_word' id='word_1_72' title='bbox 1014 1402 1124 1489; x_wconf 91' lang='lat' dir='ltr'><strong>prosit,</strong></span> <span class='ocrx_word' id='word_1_73' title='bbox 1142 1403 1218 1488; x_wconf 92' lang='lat' dir='ltr'><strong>quid</strong></span> <span class='ocrx_word' id='word_1_74' title='bbox 1234 1404 1324 1484; x_wconf 88' lang='lat' dir='ltr'><strong>obsit,</strong></span> 
     </span>
     <span class='ocr_line' id='line_1_11' title="bbox 229 1511 1327 1598; baseline -0.001 -22"><span class='ocrx_word' id='word_1_75' title='bbox 229 1513 288 1576; x_wconf 93' lang='lat' dir='ltr'><strong>hos</strong></span> <span class='ocrx_word' id='word_1_76' title='bbox 311 1533 409 1597; x_wconf 88' lang='lat' dir='ltr'><strong>saepe</strong></span> <span class='ocrx_word' id='word_1_77' title='bbox 440 1511 602 1598; x_wconf 83' lang='lat' dir='ltr'><strong>continget</strong></span> <span class='ocrx_word' id='word_1_78' title='bbox 625 1535 731 1578; x_wconf 91' lang='lat' dir='ltr'><strong>errare</strong></span> <span class='ocrx_word' id='word_1_79' title='bbox 754 1522 785 1576; x_wconf 90' lang='grc'><strong>01</strong></span> <span class='ocrx_word' id='word_1_80' title='bbox 807 1513 928 1578; x_wconf 85' lang='lat' dir='ltr'><strong>discent</strong></span> <span class='ocrx_word' id='word_1_81' title='bbox 958 1534 1075 1597; x_wconf 82' lang='lat' dir='ltr'><strong>magno</strong></span> <span class='ocrx_word' id='word_1_82' title='bbox 1106 1511 1190 1576; x_wconf 89' lang='lat' dir='ltr'><strong>male</strong></span> <span class='ocrx_word' id='word_1_83' title='bbox 1213 1533 1327 1597; x_wconf 85' lang='lat' dir='ltr'><strong>aegro-</strong></span> 
     </span>
     <span class='ocr_line' id='line_1_12' title="bbox 230 1621 1328 1708; baseline 0 -22"><span class='ocrx_word' id='word_1_84' title='bbox 230 1622 371 1686; x_wconf 85' lang='lat' dir='ltr'><strong>tantium.</strong></span> <span class='ocrx_word' id='word_1_85' title='bbox 413 1621 503 1686; x_wconf 90' lang='lat' dir='ltr'><strong>Nihil</strong></span> <span class='ocrx_word' id='word_1_86' title='bbox 527 1631 573 1686; x_wconf 89' lang='lat' dir='ltr'><strong>est</strong></span> <span class='ocrx_word' id='word_1_87' title='bbox 603 1622 745 1687; x_wconf 83' lang='lat' dir='ltr'><strong>fallacius</strong></span> <span class='ocrx_word' id='word_1_88' title='bbox 775 1622 973 1708; x_wconf 82' lang='lat' dir='ltr'><strong>experientia</strong></span> <span class='ocrx_word' id='word_1_89' title='bbox 1002 1623 1033 1684; x_wconf 91' lang='lat' dir='ltr'><strong>in</strong></span> <span class='ocrx_word' id='word_1_90' title='bbox 1064 1631 1148 1686; x_wconf 88' lang='lat' dir='ltr'><strong>tanta</strong></span> <span class='ocrx_word' id='word_1_91' title='bbox 1176 1623 1328 1686; x_wconf 86' lang='lat' dir='ltr'><strong>varietate</strong></span> 
     </span>
     <span class='ocr_line' id='line_1_13' title="bbox 232 1730 1327 1816; baseline -0.002 -18"><span class='ocrx_word' id='word_1_92' title='bbox 232 1732 546 1814; x_wconf 80' lang='lat' dir='ltr'><strong>circumstantiarum,</strong></span> <span class='ocrx_word' id='word_1_93' title='bbox 571 1732 610 1796; x_wconf 90' lang='lat' dir='ltr'><strong>ad</strong></span> <span class='ocrx_word' id='word_1_94' title='bbox 631 1754 722 1816; x_wconf 88' lang='lat' dir='ltr'><strong>quam</strong></span> <span class='ocrx_word' id='word_1_95' title='bbox 747 1753 812 1796; x_wconf 90' lang='lat' dir='ltr'><strong>nen</strong></span> <span class='ocrx_word' id='word_1_96' title='bbox 831 1730 1000 1796; x_wconf 88' lang='lat' dir='ltr'><strong>adhibetur</strong></span> <span class='ocrx_word' id='word_1_97' title='bbox 1021 1731 1099 1796; x_wconf 89' lang='lat' dir='ltr'><strong>ratio</strong></span> <span class='ocrx_word' id='word_1_98' title='bbox 1124 1741 1154 1795; x_wconf 91' lang='grc'><strong>01</strong></span> <span class='ocrx_word' id='word_1_99' title='bbox 1175 1733 1327 1814; x_wconf 83' lang='lat' dir='ltr'><strong>doctrina,</strong></span> 
     </span>
     <span class='ocr_line' id='line_1_14' title="bbox 229 1841 1327 1928; baseline 0 -24"><span class='ocrx_word' id='word_1_100' title='bbox 229 1843 311 1906; x_wconf 89' lang='lat' dir='ltr'><strong>sieut</strong></span> <span class='ocrx_word' id='word_1_101' title='bbox 338 1841 425 1905; x_wconf 86' lang='lat' dir='ltr'><strong>initio</strong></span> <span class='ocrx_word' id='word_1_102' title='bbox 449 1842 717 1928; x_wconf 83' lang='lat' dir='ltr'><strong>Apherismerunr</strong></span> <span class='ocrx_word' id='word_1_103' title='bbox 749 1843 870 1905; x_wconf 90' lang='lat' dir='ltr'><strong>monuit</strong></span> <span class='ocrx_word' id='word_1_104' title='bbox 905 1841 1127 1927; x_wconf 74' lang='lat' dir='ltr'><strong>Hippocratae,</strong></span> <span class='ocrx_word' id='word_1_105' title='bbox 1159 1842 1327 1928; x_wconf 87' lang='lat' dir='ltr'><strong>experien—</strong></span> 
     </span>
     <span class='ocr_line' id='line_1_15' title="bbox 230 1950 1329 2036; baseline 0 -22"><span class='ocrx_word' id='word_1_106' title='bbox 230 1951 304 2014; x_wconf 88' lang='lat' dir='ltr'><strong>tiam</strong></span> <span class='ocrx_word' id='word_1_107' title='bbox 340 1951 553 2036; x_wconf 89' lang='lat' dir='ltr'><strong>periculosam</strong></span> <span class='ocrx_word' id='word_1_108' title='bbox 589 1973 659 2016; x_wconf 90' lang='lat' dir='ltr'><strong>esse</strong></span> <span class='ocrx_word' id='word_1_109' title='bbox 694 1961 724 2016; x_wconf 91' lang='lat' dir='ltr'><strong>et</strong></span> <span class='ocrx_word' id='word_1_110' title='bbox 755 1950 908 2015; x_wconf 91' lang='lat' dir='ltr'><strong>iudicium</strong></span> <span class='ocrx_word' id='word_1_111' title='bbox 949 1951 1073 2015; x_wconf 76' lang='grc' dir='ltr'><strong>1011011.Ι</strong></span> <span class='ocrx_word' id='word_1_112' title='bbox 1111 1952 1156 2014; x_wconf 94' lang='lat' dir='ltr'><strong>At</strong></span> <span class='ocrx_word' id='word_1_113' title='bbox 1178 1951 1229 2015; x_wconf 85' lang='lat' dir='ltr'><strong>isti</strong></span> <span class='ocrx_word' id='word_1_114' title='bbox 1264 1973 1329 2014; x_wconf 90' lang='lat' dir='ltr'><strong>em·</strong></span> 
     </span>
     <span class='ocr_line' id='line_1_16' title="bbox 230 2057 1328 2144; baseline 0.002 -24"><span class='ocrx_word' id='word_1_115' title='bbox 230 2057 333 2144; x_wconf 91' lang='lat' dir='ltr'><strong>pirici,</strong></span> <span class='ocrx_word' id='word_1_116' title='bbox 356 2059 420 2122; x_wconf 92' lang='lat' dir='ltr'><strong>ime</strong></span> <span class='ocrx_word' id='word_1_117' title='bbox 443 2059 622 2141; x_wconf 88' lang='lat' dir='ltr'><strong>histriones,</strong></span> <span class='ocrx_word' id='word_1_118' title='bbox 649 2061 770 2126; x_wconf 86' lang='lat' dir='ltr'><strong>abiecta</strong></span> <span class='ocrx_word' id='word_1_119' title='bbox 800 2069 867 2124; x_wconf 86' lang='lat' dir='ltr'><strong>arte</strong></span> <span class='ocrx_word' id='word_1_120' title='bbox 896 2068 1018 2123; x_wconf 88' lang='lat' dir='ltr'><strong>tantum</strong></span> <span class='ocrx_word' id='word_1_121' title='bbox 1042 2059 1205 2124; x_wconf 83' lang='lat' dir='ltr'><strong>confidunt</strong></span> <span class='ocrx_word' id='word_1_122' title='bbox 1228 2081 1328 2144; x_wconf 87' lang='lat' dir='ltr'><strong>expc-</strong></span> 
     </span>
     <span class='ocr_line' id='line_1_17' title="bbox 230 2166 1328 2254; baseline 0 -22"><span class='ocrx_word' id='word_1_123' title='bbox 230 2166 343 2232; x_wconf 88' lang='lat' dir='ltr'><strong>rientia</strong></span> <span class='ocrx_word' id='word_1_124' title='bbox 367 2176 398 2232; x_wconf 89' lang='grc'><strong>01</strong></span> <span class='ocrx_word' id='word_1_125' title='bbox 418 2167 535 2232; x_wconf 87' lang='lat' dir='ltr'><strong>iudicio</strong></span> <span class='ocrx_word' id='word_1_126' title='bbox 559 2191 629 2232; x_wconf 89' lang='lat' dir='ltr'><strong>sue.</strong></span> <span class='ocrx_word' id='word_1_127' title='bbox 680 2170 743 2233; x_wconf 90' lang='lat' dir='ltr'><strong>Ars</strong></span> <span class='ocrx_word' id='word_1_128' title='bbox 763 2170 922 2254; x_wconf 81' lang='lat' dir='ltr'><strong>gubernat</strong></span> <span class='ocrx_word' id='word_1_129' title='bbox 952 2177 982 2232; x_wconf 90' lang='lat' dir='ltr'><strong>et</strong></span> <span class='ocrx_word' id='word_1_130' title='bbox 1001 2169 1137 2232; x_wconf 88' lang='lat' dir='ltr'><strong>imitatur</strong></span> <span class='ocrx_word' id='word_1_131' title='bbox 1160 2169 1328 2254; x_wconf 82' lang='lat' dir='ltr'><strong>experien-</strong></span> 
     </span>
     <span class='ocr_line' id='line_1_18' title="bbox 229 2276 1328 2364; baseline 0.002 -24"><span class='ocrx_word' id='word_1_132' title='bbox 229 2277 304 2340; x_wconf 87' lang='lat' dir='ltr'><strong>tiam</strong></span> <span class='ocrx_word' id='word_1_133' title='bbox 340 2297 404 2340; x_wconf 91' lang='lat' dir='ltr'><strong>non</strong></span> <span class='ocrx_word' id='word_1_134' title='bbox 439 2277 639 2342; x_wconf 88' lang='lat' dir='ltr'><strong>indoctorum</strong></span> <span class='ocrx_word' id='word_1_135' title='bbox 681 2279 739 2342; x_wconf 89' lang='lat' dir='ltr'><strong>sed</strong></span> <span class='ocrx_word' id='word_1_136' title='bbox 775 2276 1127 2364; x_wconf 87' lang='lat' dir='ltr'><strong>praestantissimorum.</strong></span> <span class='ocrx_word' id='word_1_137' title='bbox 1182 2277 1328 2342; x_wconf 87' lang='lat' dir='ltr'><strong>Prudens</strong></span> 
     </span>
     <span class='ocr_line' id='line_1_19' title="bbox 228 2385 1329 2473; baseline 0.002 -25"><span class='ocrx_word' id='word_1_138' title='bbox 228 2385 374 2450; x_wconf 88' lang='lat' dir='ltr'><strong>medicus</strong></span> <span class='ocrx_word' id='word_1_139' title='bbox 400 2387 573 2472; x_wconf 84' lang='lat' dir='ltr'><strong>coniungat</strong></span> <span class='ocrx_word' id='word_1_140' title='bbox 597 2396 776 2472; x_wconf 89' lang='lat' dir='ltr'><strong>utrumque,</strong></span> <span class='ocrx_word' id='word_1_141' title='bbox 798 2396 897 2451; x_wconf 89' lang='lat' dir='ltr'><strong>artem</strong></span> <span class='ocrx_word' id='word_1_142' title='bbox 921 2395 952 2450; x_wconf 91' lang='lat' dir='ltr'><strong>et</strong></span> <span class='ocrx_word' id='word_1_143' title='bbox 976 2386 1218 2473; x_wconf 88' lang='lat' dir='ltr'><strong>experientiam.</strong></span> <span class='ocrx_word' id='word_1_144' title='bbox 1246 2386 1329 2450; x_wconf 90' lang='lat' dir='ltr'><strong>Nam</strong></span> 
     </span>
     <span class='ocr_line' id='line_1_20' title="bbox 228 2485 1360 2580; baseline 0 -21"><span class='ocrx_word' id='word_1_145' title='bbox 228 2494 517 2580; x_wconf 69' lang='lat' dir='ltr'><strong>experientissima</strong></span> <span class='ocrx_word' id='word_1_146' title='bbox 547 2495 678 2577; x_wconf 86' lang='lat' dir='ltr'><strong>ratione,</strong></span> <span class='ocrx_word' id='word_1_147' title='bbox 701 2494 769 2560; x_wconf 90' lang='lat' dir='ltr'><strong>sine</strong></span> <span class='ocrx_word' id='word_1_148' title='bbox 802 2496 952 2577; x_wconf 88' lang='lat' dir='ltr'><strong>doctrina,</strong></span> <span class='ocrx_word' id='word_1_149' title='bbox 986 2496 1055 2558; x_wconf 90' lang='lat' dir='ltr'><strong>sinc</strong></span> <span class='ocrx_word' id='word_1_150' title='bbox 1078 2504 1144 2559; x_wconf 90' lang='lat' dir='ltr'><strong>arte</strong></span> <span class='ocrx_word' id='word_1_151' title='bbox 1167 2495 1246 2558; x_wconf 90' lang='lat' dir='ltr'><strong>nihil</strong></span> <span class='ocrx_word' id='word_1_152' title='bbox 1267 2496 1327 2559; x_wconf 87' lang='lat' dir='ltr'><strong>nisi</strong></span> <span class='ocrx_word' id='word_1_153' title='bbox 1357 2485 1360 2492; x_wconf 50' lang='grc'>’</span> 
     </span>
     <span class='ocr_line' id='line_1_21' title="bbox 229 2602 1327 2690; baseline 0.002 -24"><span class='ocrx_word' id='word_1_154' title='bbox 229 2602 439 2668; x_wconf 87' lang='lat' dir='ltr'><strong>domesticum</strong></span> <span class='ocrx_word' id='word_1_155' title='bbox 463 2603 662 2668; x_wconf 88' lang='lat' dir='ltr'><strong>latrocinium</strong></span> <span class='ocrx_word' id='word_1_156' title='bbox 681 2613 737 2668; x_wconf 91' lang='lat' dir='ltr'><strong>est.</strong></span> <span class='ocrx_word' id='word_1_157' title='bbox 769 2605 905 2669; x_wconf 85' lang='lat' dir='ltr'><strong>Accedit</strong></span> <span class='ocrx_word' id='word_1_158' title='bbox 922 2605 992 2685; x_wconf 90' lang='lat' dir='ltr'><strong>hoc,</strong></span> <span class='ocrx_word' id='word_1_159' title='bbox 1018 2605 1104 2690; x_wconf 89' lang='lat' dir='ltr'><strong>quod</strong></span> <span class='ocrx_word' id='word_1_160' title='bbox 1128 2614 1224 2689; x_wconf 82' lang='lat' dir='ltr'><strong>auget</strong></span> <span class='ocrx_word' id='word_1_161' title='bbox 1244 2606 1327 2690; x_wconf 87' lang='lat' dir='ltr'><strong>peri-</strong></span> 
     </span>
     <span class='ocr_line' id='line_1_22' title="bbox 230 2709 1328 2799; baseline -0.002 -21"><span class='ocrx_word' id='word_1_162' title='bbox 230 2713 346 2792; x_wconf 89' lang='lat' dir='ltr'><strong>eulum,</strong></span> <span class='ocrx_word' id='word_1_163' title='bbox 367 2712 524 2796; x_wconf 88' lang='lat' dir='ltr'><strong>imperitia</strong></span> <span class='ocrx_word' id='word_1_164' title='bbox 544 2712 628 2799; x_wconf 88' lang='lat' dir='ltr'><strong>parit</strong></span> <span class='ocrx_word' id='word_1_165' title='bbox 650 2713 822 2793; x_wconf 89' lang='lat' dir='ltr'><strong>audaciam,</strong></span> <span class='ocrx_word' id='word_1_166' title='bbox 848 2721 882 2775; x_wconf 90' lang='lat' dir='ltr'><strong>ut</strong></span> <span class='ocrx_word' id='word_1_167' title='bbox 904 2709 1113 2798; x_wconf 86' lang='lat' dir='ltr'><strong>Thucydides</strong></span> <span class='ocrx_word' id='word_1_168' title='bbox 1139 2713 1197 2792; x_wconf 84' lang='lat' dir='ltr'><strong>ait:</strong></span> <span class='ocrx_word' id='word_1_169' title='bbox 1232 2735 1328 2798; x_wconf 88' lang='lat' dir='ltr'><strong>quare</strong></span> 
     </span>
     <span class='ocr_line' id='line_1_23' title="bbox 227 2819 1327 2904; baseline 0.002 -20"><span class='ocrx_word' id='word_1_170' title='bbox 227 2823 311 2884; x_wconf 92' lang='lat' dir='ltr'><strong>inter</strong></span> <span class='ocrx_word' id='word_1_171' title='bbox 331 2821 407 2884; x_wconf 90' lang='lat' dir='ltr'><strong>istos</strong></span> <span class='ocrx_word' id='word_1_172' title='bbox 428 2830 463 2886; x_wconf 88' lang='lat' dir='ltr'><strong>ut</strong></span> <span class='ocrx_word' id='word_1_173' title='bbox 485 2819 618 2904; x_wconf 90' lang='lat' dir='ltr'><strong>quisque</strong></span> <span class='ocrx_word' id='word_1_174' title='bbox 640 2821 874 2886; x_wconf 88' lang='lat' dir='ltr'><strong>indoctissimus</strong></span> <span class='ocrx_word' id='word_1_175' title='bbox 899 2829 954 2901; x_wconf 90' lang='lat' dir='ltr'><strong>est,</strong></span> <span class='ocrx_word' id='word_1_176' title='bbox 972 2821 1014 2884; x_wconf 90' lang='lat' dir='ltr'><strong>ita</strong></span> <span class='ocrx_word' id='word_1_177' title='bbox 1030 2829 1077 2884; x_wconf 89' lang='lat' dir='ltr'><strong>est</strong></span> <span class='ocrx_word' id='word_1_178' title='bbox 1091 2821 1327 2886; x_wconf 88' lang='lat' dir='ltr'><strong>audacissimus.</strong></span> 
     </span>
     <span class='ocr_line' id='line_1_24' title="bbox 228 2930 1327 3015; baseline 0 -20"><span class='ocrx_word' id='word_1_179' title='bbox 228 2930 318 2995; x_wconf 88' lang='lat' dir='ltr'><strong>Multi</strong></span> <span class='ocrx_word' id='word_1_180' title='bbox 340 2940 413 2994; x_wconf 85' lang='lat' dir='ltr'><strong>sunt</strong></span> <span class='ocrx_word' id='word_1_181' title='bbox 435 2931 549 3012; x_wconf 86' lang='lat' dir='ltr'><strong>morbi,</strong></span> <span class='ocrx_word' id='word_1_182' title='bbox 574 2953 652 3015; x_wconf 89' lang='lat' dir='ltr'><strong>quos</strong></span> <span class='ocrx_word' id='word_1_183' title='bbox 678 2931 851 2996; x_wconf 88' lang='lat' dir='ltr'><strong>doctissimi</strong></span> <span class='ocrx_word' id='word_1_184' title='bbox 875 2939 905 2994; x_wconf 89' lang='lat' dir='ltr'><strong>et</strong></span> <span class='ocrx_word' id='word_1_185' title='bbox 927 2930 1108 3014; x_wconf 88' lang='lat' dir='ltr'><strong>peritissimi</strong></span> <span class='ocrx_word' id='word_1_186' title='bbox 1129 2931 1327 2995; x_wconf 76' lang='grc'>1101101100-</span> 
     </span>
     <span class='ocr_line' id='line_1_25' title="bbox 228 3039 1327 3123; baseline 0 -21"><span class='ocrx_word' id='word_1_187' title='bbox 228 3061 306 3103; x_wconf 88' lang='lat' dir='ltr'><strong>vere</strong></span> <span class='ocrx_word' id='word_1_188' title='bbox 327 3062 392 3104; x_wconf 91' lang='lat' dir='ltr'><strong>non</strong></span> <span class='ocrx_word' id='word_1_189' title='bbox 414 3039 542 3120; x_wconf 89' lang='lat' dir='ltr'><strong>audent,</strong></span> <span class='ocrx_word' id='word_1_190' title='bbox 567 3039 667 3103; x_wconf 89' lang='lat' dir='ltr'><strong>multa</strong></span> <span class='ocrx_word' id='word_1_191' title='bbox 686 3039 829 3103; x_wconf 88' lang='lat' dir='ltr'><strong>incidunt</strong></span> <span class='ocrx_word' id='word_1_192' title='bbox 851 3047 1060 3123; x_wconf 87' lang='lat' dir='ltr'><strong>symptomata</strong></span> <span class='ocrx_word' id='word_1_193' title='bbox 1075 3061 1116 3102; x_wconf 89' lang='lat' dir='ltr'><strong>ex</strong></span> <span class='ocrx_word' id='word_1_194' title='bbox 1131 3040 1230 3103; x_wconf 89' lang='lat' dir='ltr'><strong>causis</strong></span> <span class='ocrx_word' id='word_1_195' title='bbox 1245 3039 1327 3103; x_wconf 91' lang='lat' dir='ltr'><strong>adeo</strong></span> 
     </span>
     <span class='ocr_line' id='line_1_26' title="bbox 230 3147 1327 3232; baseline -0.002 -20"><span class='ocrx_word' id='word_1_196' title='bbox 230 3149 383 3230; x_wconf 91' lang='lat' dir='ltr'><strong>obscuris,</strong></span> <span class='ocrx_word' id='word_1_197' title='bbox 407 3156 442 3212; x_wconf 93' lang='lat' dir='ltr'><strong>ut</strong></span> <span class='ocrx_word' id='word_1_198' title='bbox 464 3147 749 3226; x_wconf 56' lang='lat' dir='ltr'><strong>etiarn-doctissimi</strong></span> <span class='ocrx_word' id='word_1_199' title='bbox 774 3147 833 3210; x_wconf 88' lang='lat' dir='ltr'><strong>viri</strong></span> <span class='ocrx_word' id='word_1_200' title='bbox 864 3147 1009 3212; x_wconf 88' lang='lat' dir='ltr'><strong>dubitent</strong></span> <span class='ocrx_word' id='word_1_201' title='bbox 1037 3149 1196 3232; x_wconf 90' lang='lat' dir='ltr'><strong>quomodo</strong></span> <span class='ocrx_word' id='word_1_202' title='bbox 1220 3170 1327 3213; x_wconf 87' lang='lat' dir='ltr'><strong>occur-</strong></span> 
     </span>
     <span class='ocr_line' id='line_1_27' title="bbox 168 3256 1327 3342; baseline 0.001 -21"><span class='ocrx_word' id='word_1_203' title='bbox 168 3287 171 3294; x_wconf 56' lang='lat'><em>*</em></span> <span class='ocrx_word' id='word_1_204' title='bbox 229 3267 314 3337; x_wconf 83' lang='lat' dir='ltr'><strong>rant3</strong></span> <span class='ocrx_word' id='word_1_205' title='bbox 350 3257 546 3322; x_wconf 90' lang='lat' dir='ltr'><strong>incredibilis</strong></span> <span class='ocrx_word' id='word_1_206' title='bbox 575 3264 622 3321; x_wconf 88' lang='lat' dir='ltr'><strong>est</strong></span> <span class='ocrx_word' id='word_1_207' title='bbox 650 3256 785 3321; x_wconf 82' lang='lat' dir='ltr'><strong>varietas</strong></span> <span class='ocrx_word' id='word_1_208' title='bbox 816 3257 981 3342; x_wconf 85' lang='lat' dir='ltr'><strong>signorum</strong></span> <span class='ocrx_word' id='word_1_209' title='bbox 1015 3266 1087 3322; x_wconf 89' lang='lat' dir='ltr'><strong>ante</strong></span> <span class='ocrx_word' id='word_1_210' title='bbox 1119 3257 1223 3338; x_wconf 87' lang='lat' dir='ltr'><strong>crisin,</strong></span> <span class='ocrx_word' id='word_1_211' title='bbox 1247 3277 1327 3342; x_wconf 85' lang='lat' dir='ltr'><strong>quae</strong></span> 
     </span>
     <span class='ocr_line' id='line_1_28' title="bbox 229 3365 1405 3452; baseline -0.001 -23"><span class='ocrx_word' id='word_1_212' title='bbox 229 3388 295 3430; x_wconf 91' lang='lat' dir='ltr'><strong>non</strong></span> <span class='ocrx_word' id='word_1_213' title='bbox 315 3388 388 3430; x_wconf 85' lang='lat' dir='ltr'><strong>raro</strong></span> <span class='ocrx_word' id='word_1_214' title='bbox 410 3368 575 3452; x_wconf 90' lang='lat' dir='ltr'><strong>perturbat</strong></span> <span class='ocrx_word' id='word_1_215' title='bbox 597 3365 758 3431; x_wconf 88' lang='lat' dir='ltr'><strong>medicum</strong></span> <span class='ocrx_word' id='word_1_216' title='bbox 781 3365 921 3449; x_wconf 88' lang='lat' dir='ltr'><strong>quamvis</strong></span> <span class='ocrx_word' id='word_1_217' title='bbox 948 3387 1104 3450; x_wconf 81' lang='lat' dir='ltr'><strong>sagacem.</strong></span> <span class='ocrx_word' id='word_1_218' title='bbox 1158 3368 1202 3430; x_wconf 90' lang='lat' dir='ltr'><strong>At</strong></span> <span class='ocrx_word' id='word_1_219' title='bbox 1224 3365 1329 3430; x_wconf 89' lang='lat' dir='ltr'><strong>histri·</strong></span> <span class='ocrx_word' id='word_1_220' title='bbox 1402 3438 1405 3444; x_wconf 32' lang='grc'>,</span> 
     </span>
     <span class='ocr_line' id='line_1_29' title="bbox 230 3472 1329 3560; baseline 0 -22"><span class='ocrx_word' id='word_1_221' title='bbox 230 3495 307 3538; x_wconf 89' lang='lat' dir='ltr'><strong>ones</strong></span> <span class='ocrx_word' id='word_1_222' title='bbox 327 3472 388 3554; x_wconf 91' lang='lat' dir='ltr'><strong>isti,</strong></span> <span class='ocrx_word' id='word_1_223' title='bbox 412 3474 559 3558; x_wconf 89' lang='lat' dir='ltr'><strong>quoniam</strong></span> <span class='ocrx_word' id='word_1_224' title='bbox 581 3475 682 3538; x_wconf 86' lang='lat' dir='ltr'><strong>semel</strong></span> <span class='ocrx_word' id='word_1_225' title='bbox 697 3476 933 3560; x_wconf 87' lang='lat' dir='ltr'><strong>perfrieuerunt</strong></span> <span class='ocrx_word' id='word_1_226' title='bbox 953 3476 1100 3557; x_wconf 86' lang='lat' dir='ltr'><strong>frontem,</strong></span> <span class='ocrx_word' id='word_1_227' title='bbox 1118 3476 1241 3539; x_wconf 85' lang='lat' dir='ltr'><strong>fortiter</strong></span> <span class='ocrx_word' id='word_1_228' title='bbox 1256 3483 1329 3538; x_wconf 92' lang='lat' dir='ltr'><strong>sunt</strong></span> 
     </span>
     <span class='ocr_line' id='line_1_30' title="bbox 230 3582 1328 3670; baseline 0.003 -25"><span class='ocrx_word' id='word_1_229' title='bbox 230 3583 444 3670; x_wconf 89' lang='lat' dir='ltr'><strong>impudentes.</strong></span> <span class='ocrx_word' id='word_1_230' title='bbox 487 3582 595 3669; x_wconf 86' lang='lat' dir='ltr'><strong>Leges</strong></span> <span class='ocrx_word' id='word_1_231' title='bbox 617 3583 753 3668; x_wconf 91' lang='lat' dir='ltr'><strong>puniunt</strong></span> <span class='ocrx_word' id='word_1_232' title='bbox 775 3582 965 3668; x_wconf 90' lang='lat' dir='ltr'><strong>imperitiam</strong></span> <span class='ocrx_word' id='word_1_233' title='bbox 986 3584 1018 3648; x_wconf 90' lang='lat' dir='ltr'><strong>in</strong></span> <span class='ocrx_word' id='word_1_234' title='bbox 1034 3584 1184 3665; x_wconf 79' lang='lat' dir='ltr'><strong>medicis3</strong></span> <span class='ocrx_word' id='word_1_235' title='bbox 1208 3584 1328 3668; x_wconf 80' lang='lat' dir='ltr'><strong>gravis·</strong></span> 
     </span>
     <span class='ocr_line' id='line_1_31' title="bbox 231 3675 1342 3778; baseline -0.001 -22"><span class='ocrx_word' id='word_1_236' title='bbox 231 3692 311 3758; x_wconf 90' lang='lat' dir='ltr'><strong>sime</strong></span> <span class='ocrx_word' id='word_1_237' title='bbox 335 3692 482 3758; x_wconf 88' lang='lat' dir='ltr'><strong>enimait</strong></span> <span class='ocrx_word' id='word_1_238' title='bbox 505 3675 759 3758; x_wconf 86' lang='lat' dir='ltr'><strong>iurisconsultus:</strong></span> <span class='ocrx_word' id='word_1_239' title='bbox 782 3715 847 3757; x_wconf 92' lang='lat' dir='ltr'><strong>non</strong></span> <span class='ocrx_word' id='word_1_240' title='bbox 872 3693 968 3761; x_wconf 89' lang='lat' dir='ltr'><strong>debet</strong></span> <span class='ocrx_word' id='word_1_241' title='bbox 987 3692 1177 3777; x_wconf 88' lang='lat' dir='ltr'><strong>impunitum</strong></span> <span class='ocrx_word' id='word_1_242' title='bbox 1193 3693 1342 3778; x_wconf 88' lang='lat' dir='ltr'><strong>relinqui&#39;</strong></span> 
     </span>
     <span class='ocr_line' id='line_1_32' title="bbox 231 3801 1329 3888; baseline 0.003 -24"><span class='ocrx_word' id='word_1_243' title='bbox 231 3802 382 3867; x_wconf 90' lang='lat' dir='ltr'><strong>delictum</strong></span> <span class='ocrx_word' id='word_1_244' title='bbox 405 3803 591 3888; x_wconf 88' lang='lat' dir='ltr'><strong>decipientis</strong></span> <span class='ocrx_word' id='word_1_245' title='bbox 621 3811 792 3888; x_wconf 88' lang='lat' dir='ltr'><strong>praetextu</strong></span> <span class='ocrx_word' id='word_1_246' title='bbox 812 3803 967 3866; x_wconf 77' lang='lat' dir='ltr'><strong>hunianae</strong></span> <span class='ocrx_word' id='word_1_247' title='bbox 997 3802 1205 3886; x_wconf 79' lang='lat' dir='ltr'><strong>fragilitatis·</strong></span> <span class='ocrx_word' id='word_1_248' title='bbox 1227 3801 1329 3867; x_wconf 89' lang='lat' dir='ltr'><strong>Porro</strong></span> 
     </span>
     <span class='ocr_line' id='line_1_33' title="bbox 230 3911 1330 3997; baseline -0.001 -22"><span class='ocrx_word' id='word_1_249' title='bbox 230 3911 403 3997; x_wconf 71' lang='lat' dir='ltr'><strong>adlegans</strong></span> <span class='ocrx_word' id='word_1_250' title='bbox 424 3911 586 3995; x_wconf 87' lang='lat' dir='ltr'><strong>Aquiliam</strong></span> <span class='ocrx_word' id='word_1_251' title='bbox 607 3912 764 3992; x_wconf 88' lang='lat' dir='ltr'><strong>scribitur,</strong></span> <span class='ocrx_word' id='word_1_252' title='bbox 797 3911 907 3976; x_wconf 90' lang='lat' dir='ltr'><strong>dolum</strong></span> <span class='ocrx_word' id='word_1_253' title='bbox 939 3933 1019 3993; x_wconf 89' lang='lat' dir='ltr'><strong>esse,</strong></span> <span class='ocrx_word' id='word_1_254' title='bbox 1044 3911 1070 3974; x_wconf 91' lang='lat' dir='ltr'><strong>si</strong></span> <span class='ocrx_word' id='word_1_255' title='bbox 1105 3911 1173 3995; x_wconf 89' lang='lat' dir='ltr'><strong>quis</strong></span> <span class='ocrx_word' id='word_1_256' title='bbox 1205 3911 1330 3976; x_wconf 87' lang='lat' dir='ltr'><strong>affectet</strong></span> 
     </span>
     <span class='ocr_line' id='line_1_34' title="bbox 233 4019 1328 4108; baseline 0 -24"><span class='ocrx_word' id='word_1_257' title='bbox 233 4021 352 4103; x_wconf 86' lang='lat' dir='ltr'><strong>aliquid</strong></span> <span class='ocrx_word' id='word_1_258' title='bbox 374 4021 406 4084; x_wconf 92' lang='lat' dir='ltr'><strong>in</strong></span> <span class='ocrx_word' id='word_1_259' title='bbox 437 4043 498 4106; x_wconf 89' lang='lat' dir='ltr'><strong>quo</strong></span> <span class='ocrx_word' id='word_1_260' title='bbox 526 4021 677 4108; x_wconf 81' lang='lat' dir='ltr'><strong>intelligit</strong></span> <span class='ocrx_word' id='word_1_261' title='bbox 705 4030 757 4086; x_wconf 89' lang='lat' dir='ltr'><strong>aut</strong></span> <span class='ocrx_word' id='word_1_262' title='bbox 784 4021 966 4107; x_wconf 85' lang='lat' dir='ltr'><strong>intelligere</strong></span> <span class='ocrx_word' id='word_1_263' title='bbox 998 4021 1094 4085; x_wconf 90' lang='lat' dir='ltr'><strong>debet</strong></span> <span class='ocrx_word' id='word_1_264' title='bbox 1115 4019 1328 4084; x_wconf 87' lang='lat' dir='ltr'><strong>infirmitatem</strong></span> 
     </span>
    </p>
   </div>
   <div class='ocr_carea' id='block_1_3' title="bbox 284 4243 632 4314">
    <p class='ocr_par' dir='ltr' id='par_1_3' title="bbox 284 4243 632 4314">
     <span class='ocr_line' id='line_1_35' title="bbox 284 4243 632 4314; baseline -0.006 -14"><span class='ocrx_word' id='word_1_265' title='bbox 284 4245 310 4314; x_wconf 87' lang='lat'><strong>1)</strong></span> <span class='ocrx_word' id='word_1_266' title='bbox 329 4243 368 4298; x_wconf 91' lang='lat' dir='ltr'><strong>XI</strong></span> <span class='ocrx_word' id='word_1_267' title='bbox 386 4245 446 4299; x_wconf 74' lang='lat'><strong>202.</strong></span> <span class='ocrx_word' id='word_1_268' title='bbox 465 4259 541 4312; x_wconf 86' lang='lat' dir='ltr'><strong>seqq.</strong></span> <span class='ocrx_word' id='word_1_269' title='bbox 625 4275 632 4298; x_wconf 61' lang='grc' dir='ltr'>ι</span> 
     </span>
    </p>
   </div>
   <div class='ocr_carea' id='block_1_4' title="bbox 0 0 1604 5088">
    <p class='ocr_par' dir='ltr' id='par_1_4' title="bbox 0 0 1604 5088">
     <span class='ocr_line' id='line_1_36' title="bbox 0 0 1604 5088; baseline 0 0"><span class='ocrx_word' id='word_1_270' title='bbox 0 0 1604 5088; x_wconf 95' lang='lat' dir='ltr'><strong> </strong></span> 
     </span>
    </p>
   </div>
  </div>
 </body>
</html>
