<?xml version="1.0" encoding="UTF-8"?>
<!DOCTYPE html PUBLIC "-//W3C//DTD XHTML 1.0 Transitional//EN"
    "http://www.w3.org/TR/xhtml1/DTD/xhtml1-transitional.dtd">
<html xmlns="http://www.w3.org/1999/xhtml" xml:lang="en" lang="en">
 <head>
  <title>
</title>
<meta http-equiv="Content-Type" content="text/html;charset=utf-8" />
  <meta name='ocr-system' content='tesseract 3.04.00' />
  <meta name='ocr-capabilities' content='ocr_page ocr_carea ocr_par ocr_line ocrx_word'/>
</head>
<body>
  <div class='ocr_page' id='page_1' title='image "./dephilippomelan00schlgoog_0054.png"; bbox 0 0 3186 5090; ppageno 0'>
   <div class='ocr_carea' id='block_1_1' title="bbox 801 317 844 382">
    <p class='ocr_par' dir='ltr' id='par_1_1' title="bbox 801 317 844 382">
     <span class='ocr_line' id='line_1_1' title="bbox 801 317 844 382; baseline 0 0"><span class='ocrx_word' id='word_1_1' title='bbox 801 317 844 382; x_wconf 89' lang='grc'><strong>46</strong></span> 
     </span>
    </p>
   </div>
   <div class='ocr_carea' id='block_1_2' title="bbox 269 497 1371 1132">
    <p class='ocr_par' dir='ltr' id='par_1_2' title="bbox 269 497 1371 1132">
     <span class='ocr_line' id='line_1_2' title="bbox 394 497 1255 587; baseline -0.002 -19"><span class='ocrx_word' id='word_1_2' title='bbox 394 497 510 568; x_wconf 83' lang='lat' dir='ltr'>Perfer</span> <span class='ocrx_word' id='word_1_3' title='bbox 530 510 562 565; x_wconf 92' lang='lat' dir='ltr'><strong>et</strong></span> <span class='ocrx_word' id='word_1_4' title='bbox 581 501 713 584; x_wconf 88' lang='lat' dir='ltr'><strong>obdura,</strong></span> <span class='ocrx_word' id='word_1_5' title='bbox 736 501 831 566; x_wconf 87' lang='lat' dir='ltr'><strong>dolor</strong></span> <span class='ocrx_word' id='word_1_6' title='bbox 850 501 904 566; x_wconf 91' lang='lat' dir='ltr'><strong>hic</strong></span> <span class='ocrx_word' id='word_1_7' title='bbox 923 501 980 568; x_wconf 89' lang='lat' dir='ltr'><strong>tibi</strong></span> <span class='ocrx_word' id='word_1_8' title='bbox 999 501 1147 587; x_wconf 87' lang='lat' dir='ltr'><strong>proderit</strong></span> <span class='ocrx_word' id='word_1_9' title='bbox 1169 502 1255 566; x_wconf 90' lang='lat' dir='ltr'><strong>olim.</strong></span> 
     </span>
     <span class='ocr_line' id='line_1_3' title="bbox 270 605 1371 697; baseline 0 -23"><span class='ocrx_word' id='word_1_10' title='bbox 270 605 315 674; x_wconf 82' lang='lat' dir='ltr'><strong>So</strong></span> <span class='ocrx_word' id='word_1_11' title='bbox 336 608 464 674; x_wconf 79' lang='lat' dir='ltr'><strong>macht&#39;s</strong></span> <span class='ocrx_word' id='word_1_12' title='bbox 489 608 637 676; x_wconf 86' lang='lat' dir='ltr'><strong>Ovidius.</strong></span> <span class='ocrx_word' id='word_1_13' title='bbox 676 611 767 676; x_wconf 84' lang='lat' dir='ltr'><strong>hber</strong></span> <span class='ocrx_word' id='word_1_14' title='bbox 790 609 939 676; x_wconf 81' lang='lat' dir='ltr'><strong>Eobanus</strong></span> <span class='ocrx_word' id='word_1_15' title='bbox 964 609 997 674; x_wconf 89' lang='lat' dir='ltr'><strong>in</strong></span> <span class='ocrx_word' id='word_1_16' title='bbox 1019 611 1143 697; x_wconf 87' lang='lat' dir='ltr'><strong>psalmo</strong></span> <span class='ocrx_word' id='word_1_17' title='bbox 1164 611 1219 676; x_wconf 82' lang='lat'><strong>42.</strong></span> <span class='ocrx_word' id='word_1_18' title='bbox 1238 609 1371 676; x_wconf 86' lang='lat' dir='ltr'><strong>macht&#39;s</strong></span> 
     </span>
     <span class='ocr_line' id='line_1_4' title="bbox 269 716 1088 782; baseline 0.006 -3"><span class='ocrx_word' id='word_1_19' title='bbox 269 716 399 782; x_wconf 83' lang='lat' dir='ltr'><strong>audere:</strong></span> <span class='ocrx_word' id='word_1_20' title='bbox 1083 719 1088 728; x_wconf 85' lang='grc'>’</span> 
     </span>
     <span class='ocr_line' id='line_1_5' title="bbox 394 825 1195 910; baseline 0.006 -21"><span class='ocrx_word' id='word_1_21' title='bbox 394 825 509 890; x_wconf 82' lang='lat' dir='ltr'><strong>Perfer</strong></span> <span class='ocrx_word' id='word_1_22' title='bbox 532 835 563 891; x_wconf 89' lang='lat' dir='ltr'><strong>et</strong></span> <span class='ocrx_word' id='word_1_23' title='bbox 586 827 718 910; x_wconf 87' lang='lat' dir='ltr'><strong>obdura,</strong></span> <span class='ocrx_word' id='word_1_24' title='bbox 744 827 873 892; x_wconf 90' lang='lat' dir='ltr'><strong>domino</strong></span> <span class='ocrx_word' id='word_1_25' title='bbox 897 829 1053 907; x_wconf 81' lang='lat' dir='ltr'><strong>confisus3</strong></span> <span class='ocrx_word' id='word_1_26' title='bbox 1077 831 1115 894; x_wconf 88' lang='lat' dir='ltr'><strong>ab</strong></span> <span class='ocrx_word' id='word_1_27' title='bbox 1139 829 1195 894; x_wconf 92' lang='lat' dir='ltr'><strong>illo</strong></span> 
     </span>
     <span class='ocr_line' id='line_1_6' title="bbox 438 935 1145 1019; baseline 0.003 -21"><span class='ocrx_word' id='word_1_28' title='bbox 438 935 500 998; x_wconf 91' lang='lat' dir='ltr'><strong>iam</strong></span> <span class='ocrx_word' id='word_1_29' title='bbox 524 935 632 998; x_wconf 82' lang='lat' dir='ltr'><strong>veniet</strong></span> <span class='ocrx_word' id='word_1_30' title='bbox 652 945 739 1000; x_wconf 88' lang='lat' dir='ltr'><strong>certo</strong></span> <span class='ocrx_word' id='word_1_31' title='bbox 760 935 889 1001; x_wconf 86' lang='lat' dir='ltr'><strong>reddita</strong></span> <span class='ocrx_word' id='word_1_32' title='bbox 908 937 973 1002; x_wconf 89' lang='lat' dir='ltr'><strong>fine</strong></span> <span class='ocrx_word' id='word_1_33' title='bbox 998 935 1101 1003; x_wconf 64' lang='lat' dir='ltr'><strong>salus“&#39;</strong></span> <span class='ocrx_word' id='word_1_34' title='bbox 1111 939 1145 1019; x_wconf 83' lang='lat'><strong>¹).</strong></span> 
     </span>
     <span class='ocr_line' id='line_1_7' title="bbox 311 1043 1366 1132; baseline 0.002 -24"><span class='ocrx_word' id='word_1_35' title='bbox 311 1043 409 1126; x_wconf 81' lang='lat' dir='ltr'><strong>Quod</strong></span> <span class='ocrx_word' id='word_1_36' title='bbox 429 1044 455 1108; x_wconf 92' lang='lat' dir='ltr'><strong>si</strong></span> <span class='ocrx_word' id='word_1_37' title='bbox 480 1045 652 1129; x_wconf 88' lang='lat' dir='ltr'><strong>quaeritur,</strong></span> <span class='ocrx_word' id='word_1_38' title='bbox 675 1046 835 1130; x_wconf 91' lang='lat' dir='ltr'><strong>quomodo</strong></span> <span class='ocrx_word' id='word_1_39' title='bbox 867 1054 966 1110; x_wconf 88' lang='lat' dir='ltr'><strong>tantas</strong></span> <span class='ocrx_word' id='word_1_40' title='bbox 998 1069 1050 1111; x_wconf 90' lang='lat' dir='ltr'><strong>res</strong></span> <span class='ocrx_word' id='word_1_41' title='bbox 1075 1046 1278 1132; x_wconf 89' lang='lat' dir='ltr'><strong>evangelium</strong></span> <span class='ocrx_word' id='word_1_42' title='bbox 1299 1047 1366 1110; x_wconf 87' lang='lat' dir='ltr'><strong>effi-</strong></span> 
     </span>
    </p>
   </div>
   <div class='ocr_carea' id='block_1_3' title="bbox 267 1153 1370 1342">
    <p class='ocr_par' dir='ltr' id='par_1_3' title="bbox 267 1153 1370 1342">
     <span class='ocr_line' id='line_1_8' title="bbox 270 1153 1370 1240; baseline 0 -20"><span class='ocrx_word' id='word_1_43' title='bbox 270 1153 338 1235; x_wconf 91' lang='lat' dir='ltr'><strong>ciat,</strong></span> <span class='ocrx_word' id='word_1_44' title='bbox 358 1153 582 1218; x_wconf 88' lang='lat' dir='ltr'><strong>Melanohthon</strong></span> <span class='ocrx_word' id='word_1_45' title='bbox 599 1154 787 1240; x_wconf 90' lang='lat' dir='ltr'><strong>simpliciter</strong></span> <span class='ocrx_word' id='word_1_46' title='bbox 805 1155 990 1240; x_wconf 82' lang='lat' dir='ltr'><strong>respondet,</strong></span> <span class='ocrx_word' id='word_1_47' title='bbox 1015 1155 1050 1219; x_wconf 91' lang='lat' dir='ltr'><strong>id</strong></span> <span class='ocrx_word' id='word_1_48' title='bbox 1071 1156 1142 1220; x_wconf 87' lang='lat' dir='ltr'><strong>fieri</strong></span> <span class='ocrx_word' id='word_1_49' title='bbox 1165 1155 1370 1234; x_wconf 81' lang='lat' dir='ltr'><strong>„remissione</strong></span> 
     </span>
     <span class='ocr_line' id='line_1_9' title="bbox 267 1254 1368 1342; baseline -0.001 -23"><span class='ocrx_word' id='word_1_50' title='bbox 267 1264 472 1340; x_wconf 88' lang='lat' dir='ltr'><strong>peccatorum</strong></span> <span class='ocrx_word' id='word_1_51' title='bbox 494 1254 592 1340; x_wconf 87' lang='lat' dir='ltr'><strong>gratis</strong></span> <span class='ocrx_word' id='word_1_52' title='bbox 624 1255 772 1320; x_wconf 87' lang='lat' dir='ltr'><strong>donanda</strong></span> <span class='ocrx_word' id='word_1_53' title='bbox 800 1265 935 1342; x_wconf 87' lang='lat' dir='ltr'><strong>propter</strong></span> <span class='ocrx_word' id='word_1_54' title='bbox 963 1257 1065 1322; x_wconf 92' lang='lat' dir='ltr'><strong>filium</strong></span> <span class='ocrx_word' id='word_1_55' title='bbox 1086 1257 1179 1322; x_wconf 63' lang='lat' dir='ltr'><strong>Deir</strong></span> <span class='ocrx_word' id='word_1_56' title='bbox 1222 1256 1292 1322; x_wconf 91' lang='lat' dir='ltr'><strong>Hac</strong></span> <span class='ocrx_word' id='word_1_57' title='bbox 1313 1256 1368 1320; x_wconf 90' lang='lat' dir='ltr'><strong>ho·</strong></span> 
     </span>
    </p>
   </div>
   <div class='ocr_carea' id='block_1_4' title="bbox 267 1363 1371 1551">
    <p class='ocr_par' dir='ltr' id='par_1_4' title="bbox 267 1363 1371 1551">
     <span class='ocr_line' id='line_1_10' title="bbox 267 1363 1370 1450; baseline 0.002 -22"><span class='ocrx_word' id='word_1_58' title='bbox 267 1364 396 1446; x_wconf 81' lang='lat' dir='ltr'><strong>minem,</strong></span> <span class='ocrx_word' id='word_1_59' title='bbox 428 1372 539 1449; x_wconf 89' lang='lat' dir='ltr'><strong>utpote</strong></span> <span class='ocrx_word' id='word_1_60' title='bbox 574 1363 627 1447; x_wconf 88' lang='lat' dir='ltr'><strong>qui</strong></span> <span class='ocrx_word' id='word_1_61' title='bbox 659 1372 808 1449; x_wconf 85' lang='lat' dir='ltr'><strong>peccator</strong></span> <span class='ocrx_word' id='word_1_62' title='bbox 838 1365 887 1446; x_wconf 90' lang='lat' dir='ltr'><strong>sit,</strong></span> <span class='ocrx_word' id='word_1_63' title='bbox 918 1374 991 1429; x_wconf 87' lang='lat' dir='ltr'><strong>ante</strong></span> <span class='ocrx_word' id='word_1_64' title='bbox 1019 1368 1124 1431; x_wconf 91' lang='lat' dir='ltr'><strong>omnia</strong></span> <span class='ocrx_word' id='word_1_65' title='bbox 1151 1387 1264 1450; x_wconf 87' lang='lat' dir='ltr'><strong>egere,</strong></span> <span class='ocrx_word' id='word_1_66' title='bbox 1288 1367 1370 1430; x_wconf 87' lang='lat' dir='ltr'><strong>hanc</strong></span> 
     </span>
     <span class='ocr_line' id='line_1_11' title="bbox 267 1463 1371 1551; baseline 0.001 -22"><span class='ocrx_word' id='word_1_67' title='bbox 267 1464 428 1530; x_wconf 90' lang='lat' dir='ltr'><strong>neminem</strong></span> <span class='ocrx_word' id='word_1_68' title='bbox 450 1463 510 1528; x_wconf 90' lang='lat' dir='ltr'><strong>nisi</strong></span> <span class='ocrx_word' id='word_1_69' title='bbox 532 1465 637 1551; x_wconf 91' lang='lat' dir='ltr'><strong>ipsum</strong></span> <span class='ocrx_word' id='word_1_70' title='bbox 656 1463 765 1528; x_wconf 88' lang='lat' dir='ltr'><strong>Deum</strong></span> <span class='ocrx_word' id='word_1_71' title='bbox 794 1465 871 1529; x_wconf 90' lang='lat' dir='ltr'><strong>dare</strong></span> <span class='ocrx_word' id='word_1_72' title='bbox 895 1488 1001 1550; x_wconf 89' lang='lat' dir='ltr'><strong>posse,</strong></span> <span class='ocrx_word' id='word_1_73' title='bbox 1025 1467 1102 1531; x_wconf 89' lang='lat' dir='ltr'><strong>haec</strong></span> <span class='ocrx_word' id='word_1_74' title='bbox 1127 1467 1181 1532; x_wconf 93' lang='lat' dir='ltr'><strong>ubi</strong></span> <span class='ocrx_word' id='word_1_75' title='bbox 1203 1466 1268 1538; x_wconf 83' lang='lat' dir='ltr'><strong>fide</strong></span> <span class='ocrx_word' id='word_1_76' title='bbox 1290 1467 1371 1531; x_wconf 88' lang='lat' dir='ltr'><strong>acci-</strong></span> 
     </span>
    </p>
   </div>
   <div class='ocr_carea' id='block_1_5' title="bbox 211 1572 1371 2312">
    <p class='ocr_par' dir='ltr' id='par_1_5' title="bbox 211 1572 1371 2312">
     <span class='ocr_line' id='line_1_12' title="bbox 211 1572 1370 1659; baseline -0.001 -22"><span class='ocrx_word' id='word_1_77' title='bbox 211 1613 215 1622; x_wconf 91' lang='lat'><strong>·</strong></span> <span class='ocrx_word' id='word_1_78' title='bbox 267 1573 382 1659; x_wconf 89' lang='lat' dir='ltr'><strong>piatur,</strong></span> <span class='ocrx_word' id='word_1_79' title='bbox 411 1573 573 1637; x_wconf 88' lang='lat' dir='ltr'><strong>hominem</strong></span> <span class='ocrx_word' id='word_1_80' title='bbox 601 1572 761 1637; x_wconf 85' lang='lat' dir='ltr'><strong>iustificari</strong></span> <span class='ocrx_word' id='word_1_81' title='bbox 786 1582 817 1637; x_wconf 90' lang='lat' dir='ltr'><strong>et</strong></span> <span class='ocrx_word' id='word_1_82' title='bbox 845 1574 1044 1659; x_wconf 85' lang='lat' dir='ltr'><strong>regenerari.</strong></span> <span class='ocrx_word' id='word_1_83' title='bbox 1088 1573 1152 1650; x_wconf 81' lang='lat' dir='ltr'><strong>„Ea</strong></span> <span class='ocrx_word' id='word_1_84' title='bbox 1173 1574 1282 1639; x_wconf 89' lang='lat' dir='ltr'><strong>notitia</strong></span> <span class='ocrx_word' id='word_1_85' title='bbox 1303 1594 1370 1637; x_wconf 91' lang='lat' dir='ltr'><strong>non</strong></span> 
     </span>
     <span class='ocr_line' id='line_1_13' title="bbox 269 1681 1366 1768; baseline -0.002 -22"><span class='ocrx_word' id='word_1_86' title='bbox 269 1692 318 1747; x_wconf 89' lang='lat' dir='ltr'><strong>est</strong></span> <span class='ocrx_word' id='word_1_87' title='bbox 333 1691 401 1747; x_wconf 88' lang='lat' dir='ltr'><strong>orta</strong></span> <span class='ocrx_word' id='word_1_88' title='bbox 421 1684 461 1746; x_wconf 88' lang='lat' dir='ltr'><strong>ab</strong></span> <span class='ocrx_word' id='word_1_89' title='bbox 483 1681 628 1746; x_wconf 86' lang='lat' dir='ltr'><strong>humanis</strong></span> <span class='ocrx_word' id='word_1_90' title='bbox 648 1683 819 1763; x_wconf 88' lang='lat' dir='ltr'><strong>mentibus,</strong></span> <span class='ocrx_word' id='word_1_91' title='bbox 843 1682 906 1747; x_wconf 91' lang='lat' dir='ltr'><strong>imo</strong></span> <span class='ocrx_word' id='word_1_92' title='bbox 926 1682 1041 1768; x_wconf 90' lang='lat' dir='ltr'><strong>procul</strong></span> <span class='ocrx_word' id='word_1_93' title='bbox 1055 1692 1146 1746; x_wconf 88' lang='lat' dir='ltr'><strong>extra</strong></span> <span class='ocrx_word' id='word_1_94' title='bbox 1162 1691 1366 1766; x_wconf 87' lang='lat' dir='ltr'><strong>conspectum</strong></span> 
     </span>
     <span class='ocr_line' id='line_1_14' title="bbox 268 1790 1371 1877; baseline -0.002 -21"><span class='ocrx_word' id='word_1_95' title='bbox 268 1793 425 1856; x_wconf 84' lang='lat' dir='ltr'><strong>humanae</strong></span> <span class='ocrx_word' id='word_1_96' title='bbox 438 1790 567 1856; x_wconf 87' lang='lat' dir='ltr'><strong>rationis</strong></span> <span class='ocrx_word' id='word_1_97' title='bbox 581 1791 685 1876; x_wconf 89' lang='lat' dir='ltr'><strong>posita</strong></span> <span class='ocrx_word' id='word_1_98' title='bbox 698 1801 754 1872; x_wconf 88' lang='lat' dir='ltr'><strong>est,</strong></span> <span class='ocrx_word' id='word_1_99' title='bbox 771 1792 828 1856; x_wconf 90' lang='lat' dir='ltr'><strong>sed</strong></span> <span class='ocrx_word' id='word_1_100' title='bbox 844 1791 930 1856; x_wconf 89' lang='lat' dir='ltr'><strong>filius</strong></span> <span class='ocrx_word' id='word_1_101' title='bbox 942 1791 1007 1856; x_wconf 90' lang='lat' dir='ltr'><strong>Dei</strong></span> <span class='ocrx_word' id='word_1_102' title='bbox 1022 1793 1075 1876; x_wconf 91' lang='lat' dir='ltr'><strong>qui</strong></span> <span class='ocrx_word' id='word_1_103' title='bbox 1089 1801 1138 1856; x_wconf 89' lang='lat' dir='ltr'><strong>est</strong></span> <span class='ocrx_word' id='word_1_104' title='bbox 1147 1791 1181 1854; x_wconf 92' lang='lat' dir='ltr'><strong>in</strong></span> <span class='ocrx_word' id='word_1_105' title='bbox 1193 1791 1262 1856; x_wconf 90' lang='lat' dir='ltr'><strong>sinu</strong></span> <span class='ocrx_word' id='word_1_106' title='bbox 1274 1790 1371 1877; x_wconf 88' lang='lat' dir='ltr'><strong>patris</strong></span> 
     </span>
     <span class='ocr_line' id='line_1_15' title="bbox 270 1899 1370 1986; baseline -0.002 -21"><span class='ocrx_word' id='word_1_107' title='bbox 270 1923 338 1966; x_wconf 92' lang='lat' dir='ltr'><strong>cam</strong></span> <span class='ocrx_word' id='word_1_108' title='bbox 355 1901 538 1986; x_wconf 84' lang='lat' dir='ltr'><strong>patefecit.“</strong></span> <span class='ocrx_word' id='word_1_109' title='bbox 550 1901 605 1968; x_wconf 85' lang='lat' dir='ltr'><strong>Sic</strong></span> <span class='ocrx_word' id='word_1_110' title='bbox 622 1900 721 1985; x_wconf 87' lang='lat' dir='ltr'><strong>igitur</strong></span> <span class='ocrx_word' id='word_1_111' title='bbox 730 1901 841 1982; x_wconf 82' lang='lat' dir='ltr'><strong>„iuxta</strong></span> <span class='ocrx_word' id='word_1_112' title='bbox 855 1900 1057 1986; x_wconf 86' lang='lat' dir='ltr'><strong>evangelium</strong></span> <span class='ocrx_word' id='word_1_113' title='bbox 1073 1899 1144 1964; x_wconf 91' lang='lat' dir='ltr'><strong>finis</strong></span> <span class='ocrx_word' id='word_1_114' title='bbox 1156 1900 1294 1965; x_wconf 87' lang='lat' dir='ltr'><strong>hominis</strong></span> <span class='ocrx_word' id='word_1_115' title='bbox 1312 1909 1370 1982; x_wconf 88' lang='lat' dir='ltr'><strong>est,</strong></span> 
     </span>
     <span class='ocr_line' id='line_1_16' title="bbox 269 2007 1371 2095; baseline -0.005 -20"><span class='ocrx_word' id='word_1_116' title='bbox 269 2032 445 2095; x_wconf 83' lang='lat' dir='ltr'><strong>agnoscere</strong></span> <span class='ocrx_word' id='word_1_117' title='bbox 462 2009 625 2075; x_wconf 79' lang='lat' dir='ltr'><strong>Christum</strong></span> <span class='ocrx_word' id='word_1_118' title='bbox 636 2008 737 2073; x_wconf 89' lang='lat' dir='ltr'><strong>fifium</strong></span> <span class='ocrx_word' id='word_1_119' title='bbox 754 2007 818 2073; x_wconf 91' lang='lat' dir='ltr'><strong>Dei</strong></span> <span class='ocrx_word' id='word_1_120' title='bbox 837 2017 867 2072; x_wconf 88' lang='lat' dir='ltr'><strong>ct</strong></span> <span class='ocrx_word' id='word_1_121' title='bbox 884 2009 1029 2095; x_wconf 87' lang='lat' dir='ltr'><strong>accipere</strong></span> <span class='ocrx_word' id='word_1_122' title='bbox 1043 2009 1179 2074; x_wconf 85' lang='lat' dir='ltr'><strong>oblatam</strong></span> <span class='ocrx_word' id='word_1_123' title='bbox 1189 2007 1371 2090; x_wconf 84' lang='lat' dir='ltr'><strong>misericor·</strong></span> 
     </span>
     <span class='ocr_line' id='line_1_17' title="bbox 269 2115 1370 2202; baseline -0.003 -21"><span class='ocrx_word' id='word_1_124' title='bbox 269 2117 353 2182; x_wconf 90' lang='lat' dir='ltr'><strong>diam</strong></span> <span class='ocrx_word' id='word_1_125' title='bbox 363 2126 393 2181; x_wconf 89' lang='lat' dir='ltr'><strong>et</strong></span> <span class='ocrx_word' id='word_1_126' title='bbox 402 2117 585 2202; x_wconf 85' lang='lat' dir='ltr'><strong>glorificare</strong></span> <span class='ocrx_word' id='word_1_127' title='bbox 597 2115 705 2180; x_wconf 89' lang='lat' dir='ltr'><strong>Deum</strong></span> <span class='ocrx_word' id='word_1_128' title='bbox 718 2116 810 2200; x_wconf 88' lang='lat' dir='ltr'><strong>eique</strong></span> <span class='ocrx_word' id='word_1_129' title='bbox 826 2116 969 2182; x_wconf 88' lang='lat' dir='ltr'><strong>obedire.</strong></span> <span class='ocrx_word' id='word_1_130' title='bbox 992 2115 1114 2180; x_wconf 81' lang='lat' dir='ltr'><strong>Tamen</strong></span> <span class='ocrx_word' id='word_1_131' title='bbox 1126 2115 1168 2179; x_wconf 89' lang='lat' dir='ltr'><strong>ita</strong></span> <span class='ocrx_word' id='word_1_132' title='bbox 1179 2116 1370 2201; x_wconf 86' lang='lat' dir='ltr'><strong>proponitur</strong></span> 
     </span>
     <span class='ocr_line' id='line_1_18' title="bbox 268 2224 1371 2312; baseline 0.002 -24"><span class='ocrx_word' id='word_1_133' title='bbox 268 2226 302 2290; x_wconf 91' lang='lat' dir='ltr'><strong>in</strong></span> <span class='ocrx_word' id='word_1_134' title='bbox 311 2225 480 2312; x_wconf 88' lang='lat' dir='ltr'><strong>evangelio</strong></span> <span class='ocrx_word' id='word_1_135' title='bbox 490 2225 563 2290; x_wconf 91' lang='lat' dir='ltr'><strong>finis</strong></span> <span class='ocrx_word' id='word_1_136' title='bbox 575 2224 730 2308; x_wconf 87' lang='lat' dir='ltr'><strong>Christus,</strong></span> <span class='ocrx_word' id='word_1_137' title='bbox 743 2235 778 2289; x_wconf 89' lang='lat' dir='ltr'><strong>nt</strong></span> <span class='ocrx_word' id='word_1_138' title='bbox 789 2225 821 2288; x_wconf 91' lang='lat' dir='ltr'><strong>in</strong></span> <span class='ocrx_word' id='word_1_139' title='bbox 831 2225 969 2290; x_wconf 88' lang='lat' dir='ltr'><strong>eoDous</strong></span> <span class='ocrx_word' id='word_1_140' title='bbox 978 2225 1239 2311; x_wconf 86' lang='lat' dir='ltr'><strong>apprehendatur</strong></span> <span class='ocrx_word' id='word_1_141' title='bbox 1251 2234 1283 2289; x_wconf 94' lang='lat' dir='ltr'><strong>et</strong></span> <span class='ocrx_word' id='word_1_142' title='bbox 1291 2246 1371 2290; x_wconf 85' lang='lat' dir='ltr'><strong>vere</strong></span> 
     </span>
    </p>
   </div>
   <div class='ocr_carea' id='block_1_6' title="bbox 157 2333 1464 2530">
    <p class='ocr_par' dir='ltr' id='par_1_6' title="bbox 157 2333 1464 2530">
     <span class='ocr_line' id='line_1_19' title="bbox 157 2333 1371 2420; baseline -0.002 -22"><span class='ocrx_word' id='word_1_143' title='bbox 157 2363 161 2370; x_wconf 92' lang='lat'>·</span> <span class='ocrx_word' id='word_1_144' title='bbox 268 2344 475 2420; x_wconf 88' lang='lat' dir='ltr'><strong>agnoscatur:</strong></span> <span class='ocrx_word' id='word_1_145' title='bbox 511 2357 590 2420; x_wconf 86' lang='lat' dir='ltr'><strong>ergo</strong></span> <span class='ocrx_word' id='word_1_146' title='bbox 617 2334 819 2420; x_wconf 90' lang='lat' dir='ltr'><strong>evangelium</strong></span> <span class='ocrx_word' id='word_1_147' title='bbox 839 2334 896 2400; x_wconf 89' lang='lat' dir='ltr'><strong>etsi</strong></span> <span class='ocrx_word' id='word_1_148' title='bbox 918 2334 1121 2399; x_wconf 88' lang='lat' dir='ltr'><strong>concionatur</strong></span> <span class='ocrx_word' id='word_1_149' title='bbox 1148 2335 1189 2398; x_wconf 84' lang='lat' dir='ltr'><strong>de</strong></span> <span class='ocrx_word' id='word_1_150' title='bbox 1208 2333 1371 2419; x_wconf 84' lang='lat' dir='ltr'><strong>agnitione</strong></span> 
     </span>
     <span class='ocr_line' id='line_1_20' title="bbox 270 2442 1464 2530; baseline -0.001 -22"><span class='ocrx_word' id='word_1_151' title='bbox 270 2442 515 2525; x_wconf 81' lang='lat' dir='ltr'><strong>Christi,tamen</strong></span> <span class='ocrx_word' id='word_1_152' title='bbox 526 2443 747 2530; x_wconf 88' lang='lat' dir='ltr'><strong>complectitur</strong></span> <span class='ocrx_word' id='word_1_153' title='bbox 758 2443 999 2508; x_wconf 89' lang='lat' dir='ltr'><strong>etiamfincmin</strong></span> <span class='ocrx_word' id='word_1_154' title='bbox 1009 2443 1085 2528; x_wconf 88' lang='lat' dir='ltr'><strong>lege</strong></span> <span class='ocrx_word' id='word_1_155' title='bbox 1098 2443 1269 2527; x_wconf 88' lang='lat' dir='ltr'><strong>(etveteris</strong></span> <span class='ocrx_word' id='word_1_156' title='bbox 1279 2451 1370 2507; x_wconf 89' lang='lat' dir='ltr'><strong>testa·</strong></span> <span class='ocrx_word' id='word_1_157' title='bbox 1462 2481 1464 2487; x_wconf 94' lang='lat'>·</span> 
     </span>
    </p>
   </div>
   <div class='ocr_carea' id='block_1_7' title="bbox 266 2550 1458 3942">
    <p class='ocr_par' dir='ltr' id='par_1_7' title="bbox 266 2550 1458 3942">
     <span class='ocr_line' id='line_1_21' title="bbox 267 2550 1370 2639; baseline -0.002 -23"><span class='ocrx_word' id='word_1_158' title='bbox 267 2553 366 2618; x_wconf 90' lang='lat' dir='ltr'><strong>menti</strong></span> <span class='ocrx_word' id='word_1_159' title='bbox 388 2561 420 2617; x_wconf 91' lang='lat' dir='ltr'><strong>et</strong></span> <span class='ocrx_word' id='word_1_160' title='bbox 442 2552 588 2639; x_wconf 85' lang='lat' dir='ltr'><strong>naturae)</strong></span> <span class='ocrx_word' id='word_1_161' title='bbox 611 2551 877 2638; x_wconf 74' lang='lat' dir='ltr'><strong>proposihrm“²).</strong></span> <span class='ocrx_word' id='word_1_162' title='bbox 900 2550 1007 2636; x_wconf 84' lang='lat' dir='ltr'><strong>Supra</strong></span> <span class='ocrx_word' id='word_1_163' title='bbox 1028 2551 1303 2636; x_wconf 31' lang='lat' dir='ltr'><strong>autemflvidimus,</strong></span> <span class='ocrx_word' id='word_1_164' title='bbox 1328 2573 1370 2614; x_wconf 81' lang='lat' dir='ltr'><strong>ex</strong></span> 
     </span>
     <span class='ocr_line' id='line_1_22' title="bbox 267 2658 1372 2747; baseline -0.002 -21"><span class='ocrx_word' id='word_1_165' title='bbox 267 2660 519 2726; x_wconf 87' lang='lat' dir='ltr'><strong>Melanohthonis</strong></span> <span class='ocrx_word' id='word_1_166' title='bbox 541 2661 697 2725; x_wconf 85' lang='lat' dir='ltr'><strong>sententia</strong></span> <span class='ocrx_word' id='word_1_167' title='bbox 718 2670 785 2725; x_wconf 88' lang='lat' dir='ltr'><strong>tum</strong></span> <span class='ocrx_word' id='word_1_168' title='bbox 806 2669 1030 2746; x_wconf 85' lang='lat' dir='ltr'><strong>argumentum</strong></span> <span class='ocrx_word' id='word_1_169' title='bbox 1048 2660 1271 2747; x_wconf 87' lang='lat' dir='ltr'><strong>philosophiae</strong></span> <span class='ocrx_word' id='word_1_170' title='bbox 1291 2658 1372 2724; x_wconf 88' lang='lat' dir='ltr'><strong>nihil</strong></span> 
     </span>
     <span class='ocr_line' id='line_1_23' title="bbox 267 2769 1370 2861; baseline -0.002 -27"><span class='ocrx_word' id='word_1_171' title='bbox 267 2769 355 2834; x_wconf 88' lang='lat' dir='ltr'><strong>aliud</strong></span> <span class='ocrx_word' id='word_1_172' title='bbox 378 2791 449 2834; x_wconf 91' lang='lat' dir='ltr'><strong>esse</strong></span> <span class='ocrx_word' id='word_1_173' title='bbox 479 2769 540 2833; x_wconf 87' lang='lat' dir='ltr'><strong>nisi</strong></span> <span class='ocrx_word' id='word_1_174' title='bbox 568 2769 750 2834; x_wconf 86' lang='lat' dir='ltr'><strong>universam</strong></span> <span class='ocrx_word' id='word_1_175' title='bbox 771 2771 881 2861; x_wconf 80' lang='lat' dir='ltr'><strong>legem</strong></span> <span class='ocrx_word' id='word_1_176' title='bbox 912 2779 1052 2852; x_wconf 87' lang='lat' dir='ltr'><strong>naturae,</strong></span> <span class='ocrx_word' id='word_1_177' title='bbox 1075 2779 1141 2834; x_wconf 90' lang='lat' dir='ltr'><strong>tum</strong></span> <span class='ocrx_word' id='word_1_178' title='bbox 1163 2769 1370 2854; x_wconf 86' lang='lat' dir='ltr'><strong>physicarum</strong></span> 
     </span>
     <span class='ocr_line' id='line_1_24' title="bbox 266 2861 1370 2964; baseline -0.001 -23"><span class='ocrx_word' id='word_1_179' title='bbox 266 2877 377 2964; x_wconf 87' lang='lat' dir='ltr'><strong>legum</strong></span> <span class='ocrx_word' id='word_1_180' title='bbox 399 2881 497 2942; x_wconf 89' lang='lat' dir='ltr'><strong>finem</strong></span> <span class='ocrx_word' id='word_1_181' title='bbox 521 2886 551 2942; x_wconf 89' lang='lat' dir='ltr'><strong>et</strong></span> <span class='ocrx_word' id='word_1_182' title='bbox 572 2878 661 2964; x_wconf 87' lang='lat' dir='ltr'><strong>quasi</strong></span> <span class='ocrx_word' id='word_1_183' title='bbox 683 2879 848 2964; x_wconf 85' lang='lat' dir='ltr'><strong>fastigium</strong></span> <span class='ocrx_word' id='word_1_184' title='bbox 863 2901 934 2943; x_wconf 88' lang='lat' dir='ltr'><strong>csse</strong></span> <span class='ocrx_word' id='word_1_185' title='bbox 953 2861 1062 2964; x_wconf 86' lang='lat' dir='ltr'><strong>legem</strong></span> <span class='ocrx_word' id='word_1_186' title='bbox 1083 2879 1248 2942; x_wconf 86' lang='lat' dir='ltr'><strong>moralem.</strong></span> <span class='ocrx_word' id='word_1_187' title='bbox 1272 2877 1370 2958; x_wconf 85' lang='lat' dir='ltr'><strong>Quod</strong></span> 
     </span>
     <span class='ocr_line' id='line_1_25' title="bbox 267 2983 1458 3080; baseline -0.003 -30"><span class='ocrx_word' id='word_1_188' title='bbox 267 2985 294 3050; x_wconf 90' lang='lat' dir='ltr'><strong>si</strong></span> <span class='ocrx_word' id='word_1_189' title='bbox 317 2985 478 3071; x_wconf 84' lang='lat' dir='ltr'><strong>evangelii</strong></span> <span class='ocrx_word' id='word_1_190' title='bbox 499 2985 572 3049; x_wconf 88' lang='lat' dir='ltr'><strong>finis</strong></span> <span class='ocrx_word' id='word_1_191' title='bbox 597 2986 816 3072; x_wconf 87' lang='lat' dir='ltr'><strong>complectitur</strong></span> <span class='ocrx_word' id='word_1_192' title='bbox 838 2986 936 3050; x_wconf 89' lang='lat' dir='ltr'><strong>finem</strong></span> <span class='ocrx_word' id='word_1_193' title='bbox 955 2985 1052 3070; x_wconf 85' lang='lat' dir='ltr'><strong>legia,</strong></span> <span class='ocrx_word' id='word_1_194' title='bbox 1067 2984 1194 3070; x_wconf 85' lang='lat' dir='ltr'><strong>assequi</strong></span> <span class='ocrx_word' id='word_1_195' title='bbox 1210 2983 1370 3070; x_wconf 83' lang='lat' dir='ltr'><strong>evangelii</strong></span> <span class='ocrx_word' id='word_1_196' title='bbox 1453 3073 1458 3080; x_wconf 29' lang='grc' dir='ltr'>Ι</span> 
     </span>
     <span class='ocr_line' id='line_1_26' title="bbox 269 3092 1372 3181; baseline -0.002 -23"><span class='ocrx_word' id='word_1_197' title='bbox 269 3094 366 3158; x_wconf 88' lang='lat' dir='ltr'><strong>finem</strong></span> <span class='ocrx_word' id='word_1_198' title='bbox 389 3094 484 3158; x_wconf 90' lang='lat' dir='ltr'><strong>simul</strong></span> <span class='ocrx_word' id='word_1_199' title='bbox 511 3103 559 3159; x_wconf 88' lang='lat' dir='ltr'><strong>est</strong></span> <span class='ocrx_word' id='word_1_200' title='bbox 587 3117 745 3159; x_wconf 91' lang='lat' dir='ltr'><strong>summum</strong></span> <span class='ocrx_word' id='word_1_201' title='bbox 776 3094 1000 3181; x_wconf 86' lang='lat' dir='ltr'><strong>philosophiae</strong></span> <span class='ocrx_word' id='word_1_202' title='bbox 1030 3094 1128 3158; x_wconf 88' lang='lat' dir='ltr'><strong>finem</strong></span> <span class='ocrx_word' id='word_1_203' title='bbox 1150 3095 1288 3178; x_wconf 90' lang='lat' dir='ltr'><strong>assequi.</strong></span> <span class='ocrx_word' id='word_1_204' title='bbox 1330 3092 1372 3158; x_wconf 80' lang='lat' dir='ltr'><strong>Et</strong></span> 
     </span>
     <span class='ocr_line' id='line_1_27' title="bbox 270 3202 1370 3290; baseline -0.003 -21"><span class='ocrx_word' id='word_1_205' title='bbox 270 3202 426 3285; x_wconf 88' lang='lat' dir='ltr'><strong>Christus,</strong></span> <span class='ocrx_word' id='word_1_206' title='bbox 459 3203 512 3288; x_wconf 92' lang='lat' dir='ltr'><strong>qui</strong></span> <span class='ocrx_word' id='word_1_207' title='bbox 540 3225 605 3268; x_wconf 91' lang='lat' dir='ltr'><strong>non</strong></span> <span class='ocrx_word' id='word_1_208' title='bbox 635 3212 671 3267; x_wconf 92' lang='lat' dir='ltr'><strong>ut</strong></span> <span class='ocrx_word' id='word_1_209' title='bbox 691 3204 832 3268; x_wconf 89' lang='lat' dir='ltr'><strong>solveret</strong></span> <span class='ocrx_word' id='word_1_210' title='bbox 861 3203 922 3268; x_wconf 89' lang='lat' dir='ltr'><strong>sed</strong></span> <span class='ocrx_word' id='word_1_211' title='bbox 949 3211 983 3267; x_wconf 91' lang='lat' dir='ltr'><strong>ut</strong></span> <span class='ocrx_word' id='word_1_212' title='bbox 1011 3202 1162 3290; x_wconf 89' lang='lat' dir='ltr'><strong>impleret</strong></span> <span class='ocrx_word' id='word_1_213' title='bbox 1183 3202 1309 3267; x_wconf 89' lang='lat' dir='ltr'><strong>venisse</strong></span> <span class='ocrx_word' id='word_1_214' title='bbox 1334 3223 1370 3266; x_wconf 90' lang='lat' dir='ltr'><strong>se</strong></span> 
     </span>
     <span class='ocr_line' id='line_1_28' title="bbox 270 3311 1371 3398; baseline 0 -22"><span class='ocrx_word' id='word_1_215' title='bbox 270 3312 361 3394; x_wconf 84' lang='lat' dir='ltr'><strong>dixit,</strong></span> <span class='ocrx_word' id='word_1_216' title='bbox 385 3335 481 3396; x_wconf 91' lang='lat' dir='ltr'><strong>quum</strong></span> <span class='ocrx_word' id='word_1_217' title='bbox 503 3313 684 3378; x_wconf 90' lang='lat' dir='ltr'><strong>universam</strong></span> <span class='ocrx_word' id='word_1_218' title='bbox 714 3313 824 3397; x_wconf 87' lang='lat' dir='ltr'><strong>legem</strong></span> <span class='ocrx_word' id='word_1_219' title='bbox 853 3312 1012 3398; x_wconf 89' lang='lat' dir='ltr'><strong>impleret,</strong></span> <span class='ocrx_word' id='word_1_220' title='bbox 1034 3311 1129 3376; x_wconf 89' lang='lat' dir='ltr'><strong>simul</strong></span> <span class='ocrx_word' id='word_1_221' title='bbox 1149 3311 1371 3398; x_wconf 89' lang='lat' dir='ltr'><strong>philosophiae</strong></span> 
     </span>
     <span class='ocr_line' id='line_1_29' title="bbox 268 3420 1370 3508; baseline -0.002 -24"><span class='ocrx_word' id='word_1_222' title='bbox 268 3421 432 3486; x_wconf 89' lang='lat' dir='ltr'><strong>veritatem</strong></span> <span class='ocrx_word' id='word_1_223' title='bbox 464 3421 618 3508; x_wconf 91' lang='lat' dir='ltr'><strong>implevit.</strong></span> <span class='ocrx_word' id='word_1_224' title='bbox 662 3421 726 3502; x_wconf 84' lang='lat' dir='ltr'><strong>Qui</strong></span> <span class='ocrx_word' id='word_1_225' title='bbox 744 3443 822 3486; x_wconf 87' lang='lat' dir='ltr'><strong>vero</strong></span> <span class='ocrx_word' id='word_1_226' title='bbox 844 3420 1010 3502; x_wconf 89' lang='lat' dir='ltr'><strong>somniant,</strong></span> <span class='ocrx_word' id='word_1_227' title='bbox 1033 3421 1139 3506; x_wconf 90' lang='lat' dir='ltr'><strong>ipsum</strong></span> <span class='ocrx_word' id='word_1_228' title='bbox 1166 3420 1370 3505; x_wconf 88' lang='lat' dir='ltr'><strong>evangelium</strong></span> 
     </span>
     <span class='ocr_line' id='line_1_30' title="bbox 267 3527 1368 3616; baseline 0 -23"><span class='ocrx_word' id='word_1_229' title='bbox 267 3530 348 3594; x_wconf 92' lang='lat' dir='ltr'><strong>nihil</strong></span> <span class='ocrx_word' id='word_1_230' title='bbox 371 3552 442 3596; x_wconf 90' lang='lat' dir='ltr'><strong>esse</strong></span> <span class='ocrx_word' id='word_1_231' title='bbox 463 3530 524 3594; x_wconf 90' lang='lat' dir='ltr'><strong>nisi</strong></span> <span class='ocrx_word' id='word_1_232' title='bbox 554 3531 662 3616; x_wconf 91' lang='lat' dir='ltr'><strong>legem</strong></span> <span class='ocrx_word' id='word_1_233' title='bbox 686 3531 912 3616; x_wconf 87' lang='lat' dir='ltr'><strong>perfectiorem</strong></span> <span class='ocrx_word' id='word_1_234' title='bbox 946 3529 1042 3594; x_wconf 89' lang='lat' dir='ltr'><strong>etita</strong></span> <span class='ocrx_word' id='word_1_235' title='bbox 1074 3528 1205 3594; x_wconf 84' lang='lat' dir='ltr'><strong>differre</strong></span> <span class='ocrx_word' id='word_1_236' title='bbox 1227 3553 1245 3594; x_wconf 92' lang='lat' dir='ltr'><strong>a</strong></span> <span class='ocrx_word' id='word_1_237' title='bbox 1266 3527 1368 3615; x_wconf 92' lang='lat' dir='ltr'><strong>philo-</strong></span> 
     </span>
     <span class='ocr_line' id='line_1_31' title="bbox 269 3637 1369 3724; baseline -0.002 -22"><span class='ocrx_word' id='word_1_238' title='bbox 269 3638 392 3723; x_wconf 89' lang='lat' dir='ltr'><strong>sophia,</strong></span> <span class='ocrx_word' id='word_1_239' title='bbox 414 3649 458 3722; x_wconf 89' lang='lat' dir='ltr'><strong>ut,</strong></span> <span class='ocrx_word' id='word_1_240' title='bbox 482 3660 598 3724; x_wconf 83' lang='lat' dir='ltr'><strong>„quum</strong></span> <span class='ocrx_word' id='word_1_241' title='bbox 617 3649 749 3724; x_wconf 88' lang='lat' dir='ltr'><strong>utraque</strong></span> <span class='ocrx_word' id='word_1_242' title='bbox 772 3639 915 3705; x_wconf 82' lang='lat' dir='ltr'><strong>doctrina</strong></span> <span class='ocrx_word' id='word_1_243' title='bbox 928 3638 969 3703; x_wconf 89' lang='lat' dir='ltr'><strong>sit</strong></span> <span class='ocrx_word' id='word_1_244' title='bbox 980 3639 1036 3702; x_wconf 85' lang='lat' dir='ltr'><strong>lex</strong></span> <span class='ocrx_word' id='word_1_245' title='bbox 1054 3638 1094 3704; x_wconf 89' lang='lat' dir='ltr'><strong>de</strong></span> <span class='ocrx_word' id='word_1_246' title='bbox 1106 3637 1258 3720; x_wconf 86' lang='lat' dir='ltr'><strong>moribus,</strong></span> <span class='ocrx_word' id='word_1_247' title='bbox 1276 3658 1369 3702; x_wconf 85' lang='lat' dir='ltr'><strong>evan-</strong></span> 
     </span>
     <span class='ocr_line' id='line_1_32' title="bbox 269 3745 1370 3835; baseline -0.003 -23"><span class='ocrx_word' id='word_1_248' title='bbox 269 3747 392 3833; x_wconf 89' lang='lat' dir='ltr'><strong>gelium</strong></span> <span class='ocrx_word' id='word_1_249' title='bbox 413 3749 509 3813; x_wconf 89' lang='lat' dir='ltr'><strong>addat</strong></span> <span class='ocrx_word' id='word_1_250' title='bbox 539 3748 692 3834; x_wconf 88' lang='lat' dir='ltr'><strong>quasdam</strong></span> <span class='ocrx_word' id='word_1_251' title='bbox 711 3749 804 3835; x_wconf 87' lang='lat' dir='ltr'><strong>leges</strong></span> <span class='ocrx_word' id='word_1_252' title='bbox 839 3749 888 3812; x_wconf 87' lang='lat' dir='ltr'><strong>dc·</strong></span> <span class='ocrx_word' id='word_1_253' title='bbox 911 3747 1052 3812; x_wconf 83' lang='lat' dir='ltr'><strong>externis</strong></span> <span class='ocrx_word' id='word_1_254' title='bbox 1084 3746 1245 3834; x_wconf 87' lang='lat' dir='ltr'><strong>operibus,</strong></span> <span class='ocrx_word' id='word_1_255' title='bbox 1271 3745 1370 3830; x_wconf 88' lang='lat' dir='ltr'><strong>qualis</strong></span> 
     </span>
     <span class='ocr_line' id='line_1_33' title="bbox 269 3853 1370 3942; baseline -0.001 -23"><span class='ocrx_word' id='word_1_256' title='bbox 269 3856 319 3937; x_wconf 90' lang='lat' dir='ltr'><strong>sit,</strong></span> <span class='ocrx_word' id='word_1_257' title='bbox 351 3877 416 3919; x_wconf 91' lang='lat' dir='ltr'><strong>non</strong></span> <span class='ocrx_word' id='word_1_258' title='bbox 449 3878 521 3922; x_wconf 87' lang='lat' dir='ltr'><strong>esse</strong></span> <span class='ocrx_word' id='word_1_259' title='bbox 551 3857 788 3938; x_wconf 87' lang='lat' dir='ltr'><strong>vindicandum,</strong></span> <span class='ocrx_word' id='word_1_260' title='bbox 813 3866 844 3922; x_wconf 92' lang='lat' dir='ltr'><strong>et</strong></span> <span class='ocrx_word' id='word_1_261' title='bbox 868 3855 988 3920; x_wconf 89' lang='lat' dir='ltr'><strong>similes</strong></span> <span class='ocrx_word' id='word_1_262' title='bbox 1018 3855 1199 3942; x_wconf 80' lang='lat' dir='ltr'><strong>quasdam“,</strong></span> <span class='ocrx_word' id='word_1_263' title='bbox 1219 3854 1281 3919; x_wconf 88' lang='lat' dir='ltr'><strong>hos</strong></span> <span class='ocrx_word' id='word_1_264' title='bbox 1305 3853 1370 3918; x_wconf 88' lang='lat' dir='ltr'><strong>Me-</strong></span> 
     </span>
    </p>
   </div>
   <div class='ocr_carea' id='block_1_8' title="bbox 223 4041 1373 4310">
    <p class='ocr_par' dir='ltr' id='par_1_8' title="bbox 223 4041 1373 4310">
     <span class='ocr_line' id='line_1_34' title="bbox 323 4041 1373 4118; baseline -0.008 -16"><span class='ocrx_word' id='word_1_265' title='bbox 323 4048 350 4118; x_wconf 85' lang='lat'><strong>1)</strong></span> <span class='ocrx_word' id='word_1_266' title='bbox 369 4047 408 4100; x_wconf 85' lang='lat' dir='ltr'><strong>Of.</strong></span> <span class='ocrx_word' id='word_1_267' title='bbox 429 4045 520 4100; x_wconf 89' lang='lat' dir='ltr'>XXIV</span> <span class='ocrx_word' id='word_1_268' title='bbox 543 4047 693 4101; x_wconf 82' lang='lat'>155—158.</span> <span class='ocrx_word' id='word_1_269' title='bbox 716 4045 795 4099; x_wconf 89' lang='lat' dir='ltr'><strong>XXV</strong></span> <span class='ocrx_word' id='word_1_270' title='bbox 815 4044 966 4102; x_wconf 74' lang='lat' dir='ltr'><strong>reo-493.</strong></span> <span class='ocrx_word' id='word_1_271' title='bbox 995 4044 1147 4101; x_wconf 72' lang='lat' dir='ltr'><strong>aaa-833.</strong></span> <span class='ocrx_word' id='word_1_272' title='bbox 1186 4043 1263 4098; x_wconf 87' lang='lat' dir='ltr'><strong>Haec</strong></span> <span class='ocrx_word' id='word_1_273' title='bbox 1281 4041 1373 4096; x_wconf 88' lang='lat' dir='ltr'><strong>omnia</strong></span> 
     </span>
     <span class='ocr_line' id='line_1_35' title="bbox 271 4141 967 4211; baseline -0.006 -14"><span class='ocrx_word' id='word_1_274' title='bbox 271 4159 306 4197; x_wconf 85' lang='lat' dir='ltr'><strong>ex</strong></span> <span class='ocrx_word' id='word_1_275' title='bbox 325 4158 372 4196; x_wconf 87' lang='lat' dir='ltr'><strong>ore</strong></span> <span class='ocrx_word' id='word_1_276' title='bbox 391 4141 613 4196; x_wconf 84' lang='lat' dir='ltr'><strong>Melanchthonis</strong></span> <span class='ocrx_word' id='word_1_277' title='bbox 631 4141 737 4196; x_wconf 88' lang='lat' dir='ltr'><strong>calamo</strong></span> <span class='ocrx_word' id='word_1_278' title='bbox 758 4143 876 4211; x_wconf 84' lang='lat' dir='ltr'><strong>excepta</strong></span> <span class='ocrx_word' id='word_1_279' title='bbox 895 4143 967 4194; x_wconf 88' lang='lat' dir='ltr'><strong>sunt.</strong></span> 
     </span>
     <span class='ocr_line' id='line_1_36' title="bbox 223 4236 747 4310; baseline -0.008 -15"><span class='ocrx_word' id='word_1_280' title='bbox 223 4265 226 4274; x_wconf 88' lang='grc'>·</span> <span class='ocrx_word' id='word_1_281' title='bbox 326 4240 353 4310; x_wconf 90' lang='grc'><strong>2)</strong></span> <span class='ocrx_word' id='word_1_282' title='bbox 370 4238 410 4291; x_wconf 85' lang='lat' dir='ltr'><strong>XI</strong></span> <span class='ocrx_word' id='word_1_283' title='bbox 425 4239 487 4293; x_wconf 80' lang='lat'><strong>425.</strong></span> <span class='ocrx_word' id='word_1_284' title='bbox 505 4236 570 4292; x_wconf 88' lang='lat' dir='ltr'><strong>XVI</strong></span> <span class='ocrx_word' id='word_1_285' title='bbox 587 4239 631 4294; x_wconf 84' lang='lat'><strong>29.</strong></span> <span class='ocrx_word' id='word_1_286' title='bbox 650 4237 685 4293; x_wconf 91' lang='lat' dir='ltr'><strong>cf.</strong></span> <span class='ocrx_word' id='word_1_287' title='bbox 704 4239 747 4292; x_wconf 85' lang='lat'><strong>22.</strong></span> 
     </span>
    </p>
   </div>
   <div class='ocr_carea' id='block_1_9' title="bbox 0 0 1598 5090">
    <p class='ocr_par' dir='ltr' id='par_1_9' title="bbox 0 0 1598 5090">
     <span class='ocr_line' id='line_1_37' title="bbox 0 0 1598 5090; baseline 0 0"><span class='ocrx_word' id='word_1_288' title='bbox 0 0 1598 5090; x_wconf 95' lang='lat' dir='ltr'><strong> </strong></span> 
     </span>
    </p>
   </div>
  </div>
 </body>
</html>
