<?xml version="1.0" encoding="UTF-8"?>
<!DOCTYPE html PUBLIC "-//W3C//DTD XHTML 1.0 Transitional//EN"
    "http://www.w3.org/TR/xhtml1/DTD/xhtml1-transitional.dtd">
<html xmlns="http://www.w3.org/1999/xhtml" xml:lang="en" lang="en">
 <head>
  <title>
</title>
<meta http-equiv="Content-Type" content="text/html;charset=utf-8" />
  <meta name='ocr-system' content='tesseract 3.04.00' />
  <meta name='ocr-capabilities' content='ocr_page ocr_carea ocr_par ocr_line ocrx_word'/>
</head>
<body>
  <div class='ocr_page' id='page_1' title='image "./dephilippomelan00schlgoog_0075.png"; bbox 0 0 3186 5090; ppageno 0'>
   <div class='ocr_carea' id='block_1_1' title="bbox 735 418 776 483">
    <p class='ocr_par' dir='ltr' id='par_1_1' title="bbox 735 418 776 483">
     <span class='ocr_line' id='line_1_1' title="bbox 735 418 776 483; baseline 0 0"><span class='ocrx_word' id='word_1_1' title='bbox 735 418 776 483; x_wconf 84' lang='grc'>67</span> 
     </span>
    </p>
   </div>
   <div class='ocr_carea' id='block_1_2' title="bbox 197 597 1375 4068">
    <p class='ocr_par' dir='ltr' id='par_1_2' title="bbox 197 597 1375 3408">
     <span class='ocr_line' id='line_1_2' title="bbox 204 597 1301 685; baseline 0.002 -20"><span class='ocrx_word' id='word_1_2' title='bbox 204 601 340 666; x_wconf 87' lang='lat' dir='ltr'>ciuntur.</span> <span class='ocrx_word' id='word_1_3' title='bbox 388 599 542 682; x_wconf 66' lang='lat' dir='ltr'>„Accidit</span> <span class='ocrx_word' id='word_1_4' title='bbox 576 598 686 685; x_wconf 88' lang='lat' dir='ltr'>inquit,</span> <span class='ocrx_word' id='word_1_5' title='bbox 716 597 812 664; x_wconf 89' lang='lat' dir='ltr'>Musis</span> <span class='ocrx_word' id='word_1_6' title='bbox 841 598 903 664; x_wconf 91' lang='lat' dir='ltr'>hoc</span> <span class='ocrx_word' id='word_1_7' title='bbox 931 608 1076 685; x_wconf 81' lang='lat' dir='ltr'>tempore</span> <span class='ocrx_word' id='word_1_8' title='bbox 1105 599 1138 664; x_wconf 92' lang='lat' dir='ltr'>in</span> <span class='ocrx_word' id='word_1_9' title='bbox 1170 601 1301 682; x_wconf 88' lang='lat' dir='ltr'>mundo,</span> 
     </span>
     <span class='ocr_line' id='line_1_3' title="bbox 205 705 1302 794; baseline 0.004 -22"><span class='ocrx_word' id='word_1_10' title='bbox 205 709 291 794; x_wconf 91' lang='lat' dir='ltr'>quod</span> <span class='ocrx_word' id='word_1_11' title='bbox 316 705 431 775; x_wconf 83' lang='lat' dir='ltr'>Strabo</span> <span class='ocrx_word' id='word_1_12' title='bbox 457 707 581 774; x_wconf 88' lang='lat' dir='ltr'>cuidam</span> <span class='ocrx_word' id='word_1_13' title='bbox 605 707 788 774; x_wconf 88' lang='lat' dir='ltr'>citharoedo</span> <span class='ocrx_word' id='word_1_14' title='bbox 812 707 887 772; x_wconf 90' lang='lat' dir='ltr'>olim</span> <span class='ocrx_word' id='word_1_15' title='bbox 910 707 995 793; x_wconf 89' lang='lat' dir='ltr'>apud</span> <span class='ocrx_word' id='word_1_16' title='bbox 1016 707 1139 774; x_wconf 86' lang='lat' dir='ltr'>lassum</span> <span class='ocrx_word' id='word_1_17' title='bbox 1150 709 1302 776; x_wconf 84' lang='lat' dir='ltr'>accidisse</span> 
     </span>
     <span class='ocr_line' id='line_1_4' title="bbox 203 815 1301 901; baseline 0.001 -20"><span class='ocrx_word' id='word_1_18' title='bbox 203 826 367 882; x_wconf 88' lang='lat' dir='ltr'>memorat.</span> <span class='ocrx_word' id='word_1_19' title='bbox 424 816 489 897; x_wconf 79' lang='lat' dir='ltr'>Qui</span> <span class='ocrx_word' id='word_1_20' title='bbox 509 837 606 901; x_wconf 92' lang='lat' dir='ltr'>quum</span> <span class='ocrx_word' id='word_1_21' title='bbox 627 816 659 881; x_wconf 89' lang='lat' dir='ltr'>in</span> <span class='ocrx_word' id='word_1_22' title='bbox 680 817 801 882; x_wconf 88' lang='lat' dir='ltr'>theatro</span> <span class='ocrx_word' id='word_1_23' title='bbox 824 815 890 880; x_wconf 91' lang='lat' dir='ltr'>eins</span> <span class='ocrx_word' id='word_1_24' title='bbox 914 815 975 882; x_wconf 90' lang='lat' dir='ltr'>loci</span> <span class='ocrx_word' id='word_1_25' title='bbox 1000 817 1122 882; x_wconf 83' lang='lat' dir='ltr'>erudito</span> <span class='ocrx_word' id='word_1_26' title='bbox 1142 841 1178 882; x_wconf 87' lang='lat' dir='ltr'>ao</span> <span class='ocrx_word' id='word_1_27' title='bbox 1200 819 1301 882; x_wconf 75' lang='lat' dir='ltr'>suari-</span> 
     </span>
     <span class='ocr_line' id='line_1_5' title="bbox 203 924 1301 1013; baseline 0.002 -23"><span class='ocrx_word' id='word_1_28' title='bbox 203 935 253 990; x_wconf 90' lang='lat' dir='ltr'>ter</span> <span class='ocrx_word' id='word_1_29' title='bbox 275 936 403 992; x_wconf 75' lang='lat' dir='ltr'>caneret</span> <span class='ocrx_word' id='word_1_30' title='bbox 425 925 635 1011; x_wconf 81' lang='lat' dir='ltr'>audirentque</span> <span class='ocrx_word' id='word_1_31' title='bbox 657 948 730 992; x_wconf 91' lang='lat' dir='ltr'>eum</span> <span class='ocrx_word' id='word_1_32' title='bbox 758 924 858 1008; x_wconf 91' lang='lat' dir='ltr'>Iassii,</span> <span class='ocrx_word' id='word_1_33' title='bbox 881 925 984 990; x_wconf 85' lang='lat' dir='ltr'>statim</span> <span class='ocrx_word' id='word_1_34' title='bbox 1012 935 1046 990; x_wconf 90' lang='lat' dir='ltr'>ut</span> <span class='ocrx_word' id='word_1_35' title='bbox 1064 925 1220 1013; x_wconf 85' lang='lat' dir='ltr'>increpuit</span> <span class='ocrx_word' id='word_1_36' title='bbox 1242 927 1301 992; x_wconf 88' lang='lat' dir='ltr'>tin·</span> 
     </span>
     <span class='ocr_line' id='line_1_6' title="bbox 204 1033 1303 1121; baseline 0.003 -23"><span class='ocrx_word' id='word_1_37' title='bbox 204 1034 393 1116; x_wconf 88' lang='lat' dir='ltr'>tinnbulnm,</span> <span class='ocrx_word' id='word_1_38' title='bbox 417 1034 503 1120; x_wconf 90' lang='lat' dir='ltr'>quod</span> <span class='ocrx_word' id='word_1_39' title='bbox 534 1034 662 1120; x_wconf 90' lang='lat' dir='ltr'>signum</span> <span class='ocrx_word' id='word_1_40' title='bbox 695 1033 848 1098; x_wconf 86' lang='lat' dir='ltr'>illiserat</span> <span class='ocrx_word' id='word_1_41' title='bbox 874 1055 990 1100; x_wconf 88' lang='lat' dir='ltr'>venum</span> <span class='ocrx_word' id='word_1_42' title='bbox 1016 1035 1235 1121; x_wconf 82' lang='lat' dir='ltr'>expositorum</span> <span class='ocrx_word' id='word_1_43' title='bbox 1255 1036 1303 1120; x_wconf 92' lang='lat' dir='ltr'>pi·</span> 
     </span>
     <span class='ocr_line' id='line_1_7' title="bbox 203 1140 1302 1228; baseline 0.002 -22"><span class='ocrx_word' id='word_1_44' title='bbox 203 1142 314 1226; x_wconf 87' lang='lat' dir='ltr'>scium,</span> <span class='ocrx_word' id='word_1_45' title='bbox 337 1141 425 1208; x_wconf 91' lang='lat' dir='ltr'>illico</span> <span class='ocrx_word' id='word_1_46' title='bbox 450 1163 560 1207; x_wconf 89' lang='lat' dir='ltr'>omnes</span> <span class='ocrx_word' id='word_1_47' title='bbox 585 1141 781 1226; x_wconf 88' lang='lat' dir='ltr'>cytharoedo</span> <span class='ocrx_word' id='word_1_48' title='bbox 808 1140 919 1206; x_wconf 88' lang='lat' dir='ltr'>relicto</span> <span class='ocrx_word' id='word_1_49' title='bbox 948 1140 987 1206; x_wconf 88' lang='lat' dir='ltr'>ad</span> <span class='ocrx_word' id='word_1_50' title='bbox 1021 1141 1126 1228; x_wconf 89' lang='lat' dir='ltr'>pisces</span> <span class='ocrx_word' id='word_1_51' title='bbox 1148 1143 1302 1210; x_wconf 88' lang='lat' dir='ltr'>emendos</span> 
     </span>
     <span class='ocr_line' id='line_1_8' title="bbox 204 1251 1303 1338; baseline 0.005 -24"><span class='ocrx_word' id='word_1_52' title='bbox 204 1251 319 1338; x_wconf 84' lang='lat' dir='ltr'>dilapsi</span> <span class='ocrx_word' id='word_1_53' title='bbox 352 1261 434 1333; x_wconf 91' lang='lat' dir='ltr'>sunt,</span> <span class='ocrx_word' id='word_1_54' title='bbox 467 1260 596 1337; x_wconf 86' lang='lat' dir='ltr'>praeter</span> <span class='ocrx_word' id='word_1_55' title='bbox 630 1273 729 1316; x_wconf 90' lang='lat' dir='ltr'>unum</span> <span class='ocrx_word' id='word_1_56' title='bbox 759 1252 964 1333; x_wconf 79' lang='lat' dir='ltr'>surdastrum,</span> <span class='ocrx_word' id='word_1_57' title='bbox 988 1251 1040 1338; x_wconf 88' lang='lat' dir='ltr'>qni</span> <span class='ocrx_word' id='word_1_58' title='bbox 1065 1274 1162 1338; x_wconf 93' lang='lat' dir='ltr'>quum</span> <span class='ocrx_word' id='word_1_59' title='bbox 1189 1275 1303 1320; x_wconf 89' lang='lat' dir='ltr'>sonum</span> 
     </span>
     <span class='ocr_line' id='line_1_9' title="bbox 202 1361 1375 1448; baseline -0.002 -20"><span class='ocrx_word' id='word_1_60' title='bbox 202 1363 384 1429; x_wconf 86' lang='lat' dir='ltr'>tintinabuli</span> <span class='ocrx_word' id='word_1_61' title='bbox 413 1363 522 1428; x_wconf 88' lang='lat' dir='ltr'>auditu</span> <span class='ocrx_word' id='word_1_62' title='bbox 554 1385 619 1427; x_wconf 90' lang='lat' dir='ltr'>non</span> <span class='ocrx_word' id='word_1_63' title='bbox 649 1361 855 1448; x_wconf 82' lang='lat' dir='ltr'>percepisset,</span> <span class='ocrx_word' id='word_1_64' title='bbox 881 1361 968 1426; x_wconf 86' lang='lat' dir='ltr'>solus</span> <span class='ocrx_word' id='word_1_65' title='bbox 999 1371 1204 1428; x_wconf 87' lang='lat' dir='ltr'>remanserat.</span> <span class='ocrx_word' id='word_1_66' title='bbox 1248 1363 1300 1426; x_wconf 86' lang='lat' dir='ltr'>Ad</span> <span class='ocrx_word' id='word_1_67' title='bbox 1365 1375 1375 1394; x_wconf 74' lang='lat'>⁸</span> 
     </span>
     <span class='ocr_line' id='line_1_10' title="bbox 203 1467 1300 1558; baseline 0 -22"><span class='ocrx_word' id='word_1_68' title='bbox 203 1494 278 1536; x_wconf 93' lang='lat' dir='ltr'>eum</span> <span class='ocrx_word' id='word_1_69' title='bbox 298 1471 397 1556; x_wconf 89' lang='lat' dir='ltr'>igitur</span> <span class='ocrx_word' id='word_1_70' title='bbox 419 1493 590 1537; x_wconf 84' lang='lat' dir='ltr'>convorsus</span> <span class='ocrx_word' id='word_1_71' title='bbox 614 1471 841 1558; x_wconf 75' lang='lat' dir='ltr'>cytharoedusz</span> <span class='ocrx_word' id='word_1_72' title='bbox 866 1467 896 1535; x_wconf 91' lang='grc' dir='ltr'><strong>Ο</strong></span> <span class='ocrx_word' id='word_1_73' title='bbox 919 1469 1025 1552; x_wconf 88' lang='lat' dir='ltr'>homo,</span> <span class='ocrx_word' id='word_1_74' title='bbox 1047 1470 1159 1558; x_wconf 77' lang='lat' dir='ltr'>inquit,</span> <span class='ocrx_word' id='word_1_75' title='bbox 1181 1472 1300 1556; x_wconf 85' lang='lat' dir='ltr'>gratias</span> 
     </span>
     <span class='ocr_line' id='line_1_11' title="bbox 202 1579 1302 1667; baseline 0.005 -24"><span class='ocrx_word' id='word_1_76' title='bbox 202 1581 259 1646; x_wconf 90' lang='lat' dir='ltr'>tihi</span> <span class='ocrx_word' id='word_1_77' title='bbox 291 1580 439 1666; x_wconf 80' lang='lat' dir='ltr'>ingentes</span> <span class='ocrx_word' id='word_1_78' title='bbox 475 1580 596 1662; x_wconf 81' lang='lat' dir='ltr'>habea,</span> <span class='ocrx_word' id='word_1_79' title='bbox 631 1603 701 1646; x_wconf 90' lang='lat' dir='ltr'>oum</span> <span class='ocrx_word' id='word_1_80' title='bbox 731 1589 863 1667; x_wconf 89' lang='lat' dir='ltr'>propter</span> <span class='ocrx_word' id='word_1_81' title='bbox 892 1579 1032 1646; x_wconf 83' lang='lat' dir='ltr'>musione</span> <span class='ocrx_word' id='word_1_82' title='bbox 1064 1580 1203 1646; x_wconf 88' lang='lat' dir='ltr'>studium</span> <span class='ocrx_word' id='word_1_83' title='bbox 1234 1591 1302 1648; x_wconf 89' lang='lat' dir='ltr'>tum</span> 
     </span>
     <span class='ocr_line' id='line_1_12' title="bbox 202 1689 1303 1777; baseline 0.002 -24"><span class='ocrx_word' id='word_1_84' title='bbox 202 1699 337 1776; x_wconf 90' lang='lat' dir='ltr'>propter</span> <span class='ocrx_word' id='word_1_85' title='bbox 366 1690 523 1757; x_wconf 87' lang='lat' dir='ltr'>honorem</span> <span class='ocrx_word' id='word_1_86' title='bbox 551 1690 628 1755; x_wconf 90' lang='lat' dir='ltr'>mihi</span> <span class='ocrx_word' id='word_1_87' title='bbox 659 1689 848 1777; x_wconf 89' lang='lat' dir='ltr'>praebitum,</span> <span class='ocrx_word' id='word_1_88' title='bbox 885 1690 971 1776; x_wconf 89' lang='lat' dir='ltr'>quod</span> <span class='ocrx_word' id='word_1_89' title='bbox 999 1712 1063 1756; x_wconf 90' lang='lat' dir='ltr'>nou</span> <span class='ocrx_word' id='word_1_90' title='bbox 1094 1691 1176 1756; x_wconf 87' lang='lat' dir='ltr'>siout</span> <span class='ocrx_word' id='word_1_91' title='bbox 1205 1691 1303 1758; x_wconf 83' lang='lat' dir='ltr'>ceteri</span> 
     </span>
     <span class='ocr_line' id='line_1_13' title="bbox 202 1797 1301 1886; baseline 0.002 -24"><span class='ocrx_word' id='word_1_92' title='bbox 202 1799 307 1863; x_wconf 89' lang='lat' dir='ltr'>statim</span> <span class='ocrx_word' id='word_1_93' title='bbox 329 1798 369 1863; x_wconf 86' lang='lat' dir='ltr'>ad</span> <span class='ocrx_word' id='word_1_94' title='bbox 401 1799 555 1885; x_wconf 90' lang='lat' dir='ltr'>crepitum</span> <span class='ocrx_word' id='word_1_95' title='bbox 575 1797 754 1866; x_wconf 90' lang='lat' dir='ltr'>tintinabuli</span> <span class='ocrx_word' id='word_1_96' title='bbox 778 1800 863 1864; x_wconf 84' lang='lat' dir='ltr'>foras</span> <span class='ocrx_word' id='word_1_97' title='bbox 889 1799 1051 1886; x_wconf 88' lang='lat' dir='ltr'>proiecisti</span> <span class='ocrx_word' id='word_1_98' title='bbox 1078 1808 1119 1881; x_wconf 90' lang='lat' dir='ltr'>te,</span> <span class='ocrx_word' id='word_1_99' title='bbox 1141 1807 1177 1864; x_wconf 87' lang='lat' dir='ltr'>nt</span> <span class='ocrx_word' id='word_1_100' title='bbox 1197 1799 1301 1886; x_wconf 83' lang='lat' dir='ltr'>pisces</span> 
     </span>
     <span class='ocr_line' id='line_1_14' title="bbox 204 1907 1302 1989; baseline 0.002 -18"><span class='ocrx_word' id='word_1_101' title='bbox 204 1929 341 1972; x_wconf 86' lang='lat' dir='ltr'>emeres.</span> <span class='ocrx_word' id='word_1_102' title='bbox 384 1908 429 1972; x_wconf 89' lang='lat' dir='ltr'>At</span> <span class='ocrx_word' id='word_1_103' title='bbox 451 1909 522 1973; x_wconf 88' lang='lat' dir='ltr'>illo:</span> <span class='ocrx_word' id='word_1_104' title='bbox 550 1907 636 1989; x_wconf 80' lang='lat' dir='ltr'>Quid</span> <span class='ocrx_word' id='word_1_105' title='bbox 652 1908 722 1973; x_wconf 84' lang='lat' dir='ltr'>ais&#39;?</span> <span class='ocrx_word' id='word_1_106' title='bbox 747 1931 822 1974; x_wconf 88' lang='lat' dir='ltr'>num</span> <span class='ocrx_word' id='word_1_107' title='bbox 844 1907 905 1974; x_wconf 88' lang='lat' dir='ltr'>iam</span> <span class='ocrx_word' id='word_1_108' title='bbox 927 1907 1149 1974; x_wconf 77' lang='lat' dir='ltr'>tintinabulum</span> <span class='ocrx_word' id='word_1_109' title='bbox 1171 1908 1302 1974; x_wconf 77' lang='lat' dir='ltr'>sonuit?</span> 
     </span>
     <span class='ocr_line' id='line_1_15' title="bbox 203 2015 1300 2108; baseline 0.002 -28"><span class='ocrx_word' id='word_1_110' title='bbox 203 2015 266 2096; x_wconf 83' lang='lat' dir='ltr'>Qui</span> <span class='ocrx_word' id='word_1_111' title='bbox 290 2039 388 2102; x_wconf 91' lang='lat' dir='ltr'>quum</span> <span class='ocrx_word' id='word_1_112' title='bbox 410 2019 600 2082; x_wconf 84' lang='lat' dir='ltr'>affirmaret:</span> <span class='ocrx_word' id='word_1_113' title='bbox 637 2019 681 2082; x_wconf 92' lang='lat' dir='ltr'>At</span> <span class='ocrx_word' id='word_1_114' title='bbox 700 2017 757 2084; x_wconf 89' lang='lat' dir='ltr'>tibi</span> <span class='ocrx_word' id='word_1_115' title='bbox 780 2019 864 2082; x_wconf 93' lang='lat' dir='ltr'>hcnc</span> <span class='ocrx_word' id='word_1_116' title='bbox 890 2016 938 2098; x_wconf 86' lang='lat' dir='ltr'>sit,</span> <span class='ocrx_word' id='word_1_117' title='bbox 964 2017 1073 2102; x_wconf 87' lang='lat' dir='ltr'>inquit,</span> <span class='ocrx_word' id='word_1_118' title='bbox 1106 2039 1300 2108; x_wconf 75' lang='lat' dir='ltr'>resurgens</span> 
     </span>
     <span class='ocr_line' id='line_1_16' title="bbox 201 2125 1303 2214; baseline 0.002 -26"><span class='ocrx_word' id='word_1_119' title='bbox 201 2125 346 2210; x_wconf 90' lang='lat' dir='ltr'>protinus</span> <span class='ocrx_word' id='word_1_120' title='bbox 369 2127 438 2213; x_wconf 89' lang='lat' dir='ltr'>ipse</span> <span class='ocrx_word' id='word_1_121' title='bbox 467 2148 593 2212; x_wconf 91' lang='lat' dir='ltr'>quoquc</span> <span class='ocrx_word' id='word_1_122' title='bbox 619 2128 702 2191; x_wconf 87' lang='lat' dir='ltr'>foros</span> <span class='ocrx_word' id='word_1_123' title='bbox 725 2127 766 2190; x_wconf 89' lang='lat' dir='ltr'>ad</span> <span class='ocrx_word' id='word_1_124' title='bbox 790 2127 982 2212; x_wconf 87' lang='lat' dir='ltr'>emptionem</span> <span class='ocrx_word' id='word_1_125' title='bbox 1011 2126 1146 2212; x_wconf 86' lang='lat' dir='ltr'>piscium</span> <span class='ocrx_word' id='word_1_126' title='bbox 1172 2148 1303 2214; x_wconf 90' lang='lat' dir='ltr'>procur-</span> 
     </span>
     <span class='ocr_line' id='line_1_17' title="bbox 200 2232 1301 2320; baseline 0.004 -24"><span class='ocrx_word' id='word_1_127' title='bbox 200 2233 251 2296; x_wconf 88' lang='lat' dir='ltr'>rit.</span> <span class='ocrx_word' id='word_1_128' title='bbox 274 2273 315 2281; x_wconf 92' lang='lat'><em>-</em></span> <span class='ocrx_word' id='word_1_129' title='bbox 336 2232 383 2298; x_wconf 88' lang='lat' dir='ltr'>Ita</span> <span class='ocrx_word' id='word_1_130' title='bbox 404 2235 454 2300; x_wconf 90' lang='lat' dir='ltr'>his</span> <span class='ocrx_word' id='word_1_131' title='bbox 476 2235 674 2320; x_wconf 85' lang='lat' dir='ltr'>temporibus</span> <span class='ocrx_word' id='word_1_132' title='bbox 707 2233 786 2299; x_wconf 91' lang='lat' dir='ltr'>haec</span> <span class='ocrx_word' id='word_1_133' title='bbox 819 2233 923 2298; x_wconf 89' lang='lat' dir='ltr'>studia</span> <span class='ocrx_word' id='word_1_134' title='bbox 956 2256 1081 2320; x_wconf 90' lang='lat' dir='ltr'>quoque</span> <span class='ocrx_word' id='word_1_135' title='bbox 1116 2244 1147 2300; x_wconf 88' lang='lat' dir='ltr'>ct</span> <span class='ocrx_word' id='word_1_136' title='bbox 1179 2235 1301 2300; x_wconf 85' lang='lat' dir='ltr'>litterae</span> 
     </span>
     <span class='ocr_line' id='line_1_18' title="bbox 198 2341 1300 2430; baseline 0.005 -25"><span class='ocrx_word' id='word_1_137' title='bbox 198 2343 439 2428; x_wconf 78' lang='lat' dir='ltr'>negliguntur.“</span> <span class='ocrx_word' id='word_1_138' title='bbox 484 2341 567 2421; x_wconf 88' lang='lat' dir='ltr'>„Nos</span> <span class='ocrx_word' id='word_1_139' title='bbox 588 2365 666 2408; x_wconf 79' lang='lat' dir='ltr'>vero</span> <span class='ocrx_word' id='word_1_140' title='bbox 690 2343 769 2408; x_wconf 90' lang='lat' dir='ltr'>nihil</span> <span class='ocrx_word' id='word_1_141' title='bbox 791 2342 870 2410; x_wconf 87' lang='lat' dir='ltr'>istae</span> <span class='ocrx_word' id='word_1_142' title='bbox 891 2341 1065 2408; x_wconf 83' lang='lat' dir='ltr'>illiberales</span> <span class='ocrx_word' id='word_1_143' title='bbox 1085 2343 1300 2430; x_wconf 86' lang='lat' dir='ltr'>cogitationes,</span> 
     </span>
     <span class='ocr_line' id='line_1_19' title="bbox 197 2450 1299 2540; baseline 0.002 -24"><span class='ocrx_word' id='word_1_144' title='bbox 197 2452 250 2516; x_wconf 89' lang='lat' dir='ltr'>isti</span> <span class='ocrx_word' id='word_1_145' title='bbox 276 2451 488 2518; x_wconf 89' lang='lat' dir='ltr'>sordidissimi</span> <span class='ocrx_word' id='word_1_146' title='bbox 520 2475 684 2518; x_wconf 89' lang='lat' dir='ltr'>sormones</span> <span class='ocrx_word' id='word_1_147' title='bbox 718 2462 875 2518; x_wconf 87' lang='lat' dir='ltr'>moveant.</span> <span class='ocrx_word' id='word_1_148' title='bbox 928 2450 1001 2518; x_wconf 89' lang='lat' dir='ltr'>Non</span> <span class='ocrx_word' id='word_1_149' title='bbox 1032 2451 1122 2538; x_wconf 89' lang='lat' dir='ltr'>digni</span> <span class='ocrx_word' id='word_1_150' title='bbox 1150 2462 1225 2518; x_wconf 90' lang='lat' dir='ltr'>sunt</span> <span class='ocrx_word' id='word_1_151' title='bbox 1245 2455 1299 2540; x_wconf 90' lang='lat' dir='ltr'>qni</span> 
     </span>
     <span class='ocr_line' id='line_1_20' title="bbox 200 2561 1301 2628; baseline 0.004 -4"><span class='ocrx_word' id='word_1_152' title='bbox 200 2561 251 2625; x_wconf 90' lang='lat' dir='ltr'>his</span> <span class='ocrx_word' id='word_1_153' title='bbox 273 2561 435 2626; x_wconf 84' lang='lat' dir='ltr'>Musarum</span> <span class='ocrx_word' id='word_1_154' title='bbox 457 2562 554 2628; x_wconf 90' lang='lat' dir='ltr'>sacris</span> <span class='ocrx_word' id='word_1_155' title='bbox 577 2561 741 2627; x_wconf 87' lang='lat' dir='ltr'>initientur</span> <span class='ocrx_word' id='word_1_156' title='bbox 761 2571 814 2628; x_wconf 88' lang='lat' dir='ltr'>aut</span> <span class='ocrx_word' id='word_1_157' title='bbox 837 2562 870 2626; x_wconf 90' lang='lat' dir='ltr'>in</span> <span class='ocrx_word' id='word_1_158' title='bbox 887 2562 949 2628; x_wconf 90' lang='lat' dir='ltr'>hoo</span> <span class='ocrx_word' id='word_1_159' title='bbox 968 2561 1167 2628; x_wconf 86' lang='lat' dir='ltr'>humanitatis</span> <span class='ocrx_word' id='word_1_160' title='bbox 1189 2573 1219 2628; x_wconf 90' lang='lat' dir='ltr'>ot</span> <span class='ocrx_word' id='word_1_161' title='bbox 1240 2564 1301 2628; x_wconf 88' lang='lat' dir='ltr'>vir-</span> 
     </span>
     <span class='ocr_line' id='line_1_21' title="bbox 202 2669 1303 2756; baseline 0.006 -23"><span class='ocrx_word' id='word_1_162' title='bbox 202 2670 276 2733; x_wconf 89' lang='lat' dir='ltr'>tutis</span> <span class='ocrx_word' id='word_1_163' title='bbox 300 2669 453 2734; x_wconf 90' lang='lat' dir='ltr'>sacellum</span> <span class='ocrx_word' id='word_1_164' title='bbox 475 2669 687 2752; x_wconf 88' lang='lat' dir='ltr'>admittantur,</span> <span class='ocrx_word' id='word_1_165' title='bbox 711 2670 764 2755; x_wconf 89' lang='lat' dir='ltr'>qui</span> <span class='ocrx_word' id='word_1_166' title='bbox 786 2669 907 2736; x_wconf 88' lang='lat' dir='ltr'>sordidi</span> <span class='ocrx_word' id='word_1_167' title='bbox 930 2681 1078 2756; x_wconf 87' lang='lat' dir='ltr'>quaestus</span> <span class='ocrx_word' id='word_1_168' title='bbox 1102 2673 1202 2756; x_wconf 83' lang='lat' dir='ltr'>gratia</span> <span class='ocrx_word' id='word_1_169' title='bbox 1223 2673 1303 2740; x_wconf 87' lang='lat' dir='ltr'>haec</span> 
     </span>
     <span class='ocr_line' id='line_1_22' title="bbox 204 2779 1301 2865; baseline 0.005 -23"><span class='ocrx_word' id='word_1_170' title='bbox 204 2779 303 2864; x_wconf 89' lang='lat' dir='ltr'>longe</span> <span class='ocrx_word' id='word_1_171' title='bbox 325 2779 554 2864; x_wconf 89' lang='lat' dir='ltr'>praestantiora</span> <span class='ocrx_word' id='word_1_172' title='bbox 580 2782 663 2846; x_wconf 88' lang='lat' dir='ltr'>bona</span> <span class='ocrx_word' id='word_1_173' title='bbox 690 2789 908 2865; x_wconf 87' lang='lat' dir='ltr'>aspernantur.</span> <span class='ocrx_word' id='word_1_174' title='bbox 962 2779 1036 2846; x_wconf 91' lang='lat' dir='ltr'>Non</span> <span class='ocrx_word' id='word_1_175' title='bbox 1058 2779 1211 2848; x_wconf 89' lang='lat' dir='ltr'>distendit</span> <span class='ocrx_word' id='word_1_176' title='bbox 1233 2806 1301 2848; x_wconf 86' lang='lat' dir='ltr'>crn-</span> 
     </span>
     <span class='ocr_line' id='line_1_23' title="bbox 201 2888 1298 2977; baseline 0.005 -25"><span class='ocrx_word' id='word_1_177' title='bbox 201 2909 327 2952; x_wconf 87' lang='lat' dir='ltr'>menam</span> <span class='ocrx_word' id='word_1_178' title='bbox 352 2911 430 2954; x_wconf 88' lang='lat' dir='ltr'>auro</span> <span class='ocrx_word' id='word_1_179' title='bbox 451 2898 482 2954; x_wconf 90' lang='lat' dir='ltr'>et</span> <span class='ocrx_word' id='word_1_180' title='bbox 500 2899 633 2974; x_wconf 88' lang='lat' dir='ltr'>argento</span> <span class='ocrx_word' id='word_1_181' title='bbox 651 2888 826 2972; x_wconf 88' lang='lat' dir='ltr'>Homerus,</span> <span class='ocrx_word' id='word_1_182' title='bbox 848 2899 1066 2956; x_wconf 83' lang='lat' dir='ltr'>conventrem</span> <span class='ocrx_word' id='word_1_183' title='bbox 1088 2890 1298 2977; x_wconf 83' lang='lat' dir='ltr'>pinguedine,</span> 
     </span>
     <span class='ocr_line' id='line_1_24' title="bbox 201 2995 1302 3085; baseline 0.004 -23"><span class='ocrx_word' id='word_1_184' title='bbox 201 3018 266 3062; x_wconf 90' lang='lat' dir='ltr'>uon</span> <span class='ocrx_word' id='word_1_185' title='bbox 289 2995 388 3082; x_wconf 84' lang='lat' dir='ltr'>cingit</span> <span class='ocrx_word' id='word_1_186' title='bbox 411 2997 526 3082; x_wconf 86' lang='lat' dir='ltr'>digitos</span> <span class='ocrx_word' id='word_1_187' title='bbox 550 2999 717 3083; x_wconf 85' lang='lat' dir='ltr'>gemmatis</span> <span class='ocrx_word' id='word_1_188' title='bbox 740 2998 878 3064; x_wconf 86' lang='lat' dir='ltr'>annulis:</span> <span class='ocrx_word' id='word_1_189' title='bbox 906 3008 1036 3066; x_wconf 87' lang='lat' dir='ltr'>atcerte</span> <span class='ocrx_word' id='word_1_190' title='bbox 1057 3009 1302 3085; x_wconf 88' lang='lat' dir='ltr'>mentem,quae</span> 
     </span>
     <span class='ocr_line' id='line_1_25' title="bbox 202 3106 1303 3196; baseline 0.006 -27"><span class='ocrx_word' id='word_1_191' title='bbox 202 3107 421 3191; x_wconf 85' lang='lat' dir='ltr'>praestantior,</span> <span class='ocrx_word' id='word_1_192' title='bbox 452 3129 533 3192; x_wconf 88' lang='lat' dir='ltr'>quae</span> <span class='ocrx_word' id='word_1_193' title='bbox 553 3106 741 3174; x_wconf 89' lang='lat' dir='ltr'>immortalis</span> <span class='ocrx_word' id='word_1_194' title='bbox 762 3131 837 3196; x_wconf 88' lang='lat' dir='ltr'>pars</span> <span class='ocrx_word' id='word_1_195' title='bbox 860 3109 959 3174; x_wconf 89' lang='lat' dir='ltr'>nostri</span> <span class='ocrx_word' id='word_1_196' title='bbox 984 3119 1040 3190; x_wconf 90' lang='lat' dir='ltr'>est,</span> <span class='ocrx_word' id='word_1_197' title='bbox 1064 3109 1245 3194; x_wconf 87' lang='lat' dir='ltr'>ingentibus</span> <span class='ocrx_word' id='word_1_198' title='bbox 1265 3133 1303 3176; x_wconf 88' lang='lat' dir='ltr'>ac</span> 
     </span>
     <span class='ocr_line' id='line_1_26' title="bbox 202 3213 1300 3302; baseline 0.005 -24"><span class='ocrx_word' id='word_1_199' title='bbox 202 3214 302 3298; x_wconf 91' lang='lat' dir='ltr'>longe</span> <span class='ocrx_word' id='word_1_200' title='bbox 322 3213 532 3282; x_wconf 88' lang='lat' dir='ltr'>nobilioribus</span> <span class='ocrx_word' id='word_1_201' title='bbox 563 3215 764 3302; x_wconf 87' lang='lat' dir='ltr'>aeternisque</span> <span class='ocrx_word' id='word_1_202' title='bbox 789 3216 904 3282; x_wconf 87' lang='lat' dir='ltr'>divitiis</span> <span class='ocrx_word' id='word_1_203' title='bbox 930 3217 1075 3300; x_wconf 87' lang='lat' dir='ltr'>cumulat,</span> <span class='ocrx_word' id='word_1_204' title='bbox 1099 3225 1190 3282; x_wconf 86' lang='lat' dir='ltr'>ornat</span> <span class='ocrx_word' id='word_1_205' title='bbox 1212 3217 1300 3284; x_wconf 83' lang='lat' dir='ltr'>ditat·</span> 
     </span>
     <span class='ocr_line' id='line_1_27' title="bbox 203 3323 340 3408; baseline 0 -22"><span class='ocrx_word' id='word_1_206' title='bbox 203 3332 283 3408; x_wconf 78' lang='lat' dir='ltr'>que“</span> <span class='ocrx_word' id='word_1_207' title='bbox 300 3323 340 3406; x_wconf 82' lang='lat'>¹).</span> 
     </span>
    </p>

    <p class='ocr_par' dir='ltr' id='par_1_3' title="bbox 201 3431 1302 4068">
     <span class='ocr_line' id='line_1_28' title="bbox 242 3431 1300 3520; baseline 0.011 -26"><span class='ocrx_word' id='word_1_208' title='bbox 242 3431 293 3497; x_wconf 82' lang='lat' dir='ltr'>Ex</span> <span class='ocrx_word' id='word_1_209' title='bbox 317 3433 531 3499; x_wconf 86' lang='lat' dir='ltr'>sordido·isto</span> <span class='ocrx_word' id='word_1_210' title='bbox 552 3434 729 3520; x_wconf 88' lang='lat' dir='ltr'>humilique</span> <span class='ocrx_word' id='word_1_211' title='bbox 750 3437 855 3502; x_wconf 89' lang='lat' dir='ltr'>animo</span> <span class='ocrx_word' id='word_1_212' title='bbox 879 3439 964 3504; x_wconf 90' lang='lat' dir='ltr'>haud</span> <span class='ocrx_word' id='word_1_213' title='bbox 987 3461 1058 3504; x_wconf 91' lang='lat' dir='ltr'>raro</span> <span class='ocrx_word' id='word_1_214' title='bbox 1083 3439 1163 3504; x_wconf 90' lang='lat' dir='ltr'>alius</span> <span class='ocrx_word' id='word_1_215' title='bbox 1178 3437 1300 3506; x_wconf 90' lang='lat' dir='ltr'>schola-</span> 
     </span>
     <span class='ocr_line' id='line_1_29' title="bbox 201 3543 1301 3634; baseline 0.009 -30"><span class='ocrx_word' id='word_1_216' title='bbox 201 3564 272 3606; x_wconf 89' lang='lat' dir='ltr'>rum</span> <span class='ocrx_word' id='word_1_217' title='bbox 300 3545 429 3608; x_wconf 88' lang='lat' dir='ltr'>morbus</span> <span class='ocrx_word' id='word_1_218' title='bbox 467 3543 544 3626; x_wconf 82' lang='lat' dir='ltr'>fluit,</span> <span class='ocrx_word' id='word_1_219' title='bbox 575 3565 670 3626; x_wconf 88' lang='lat' dir='ltr'>quem</span> <span class='ocrx_word' id='word_1_220' title='bbox 697 3544 923 3610; x_wconf 85' lang='lat' dir='ltr'>lllolanohthcn</span> <span class='ocrx_word' id='word_1_221' title='bbox 959 3548 1145 3634; x_wconf 88' lang='lat' dir='ltr'>sophistices</span> <span class='ocrx_word' id='word_1_222' title='bbox 1173 3548 1301 3614; x_wconf 86' lang='lat' dir='ltr'>nomine</span> 
     </span>
     <span class='ocr_line' id='line_1_30' title="bbox 201 3648 1298 3742; baseline 0.006 -28"><span class='ocrx_word' id='word_1_223' title='bbox 201 3648 370 3735; x_wconf 88' lang='lat' dir='ltr'>significat.</span> <span class='ocrx_word' id='word_1_224' title='bbox 413 3651 451 3714; x_wconf 93' lang='lat' dir='ltr'>ln</span> <span class='ocrx_word' id='word_1_225' title='bbox 474 3653 558 3717; x_wconf 92' lang='lat' dir='ltr'>hunc</span> <span class='ocrx_word' id='word_1_226' title='bbox 581 3653 664 3718; x_wconf 92' lang='lat' dir='ltr'>enim</span> <span class='ocrx_word' id='word_1_227' title='bbox 685 3653 881 3738; x_wconf 86' lang='lat' dir='ltr'>sagacissimi</span> <span class='ocrx_word' id='word_1_228' title='bbox 906 3655 1023 3742; x_wconf 90' lang='lat' dir='ltr'>quique</span> <span class='ocrx_word' id='word_1_229' title='bbox 1039 3657 1131 3722; x_wconf 85' lang='lat' dir='ltr'>facile</span> <span class='ocrx_word' id='word_1_230' title='bbox 1147 3657 1298 3739; x_wconf 85' lang='lat' dir='ltr'>incidunt,</span> 
     </span>
     <span class='ocr_line' id='line_1_31' title="bbox 203 3758 1302 3850; baseline 0.008 -30"><span class='ocrx_word' id='word_1_231' title='bbox 203 3758 257 3822; x_wconf 91' lang='lat' dir='ltr'>uhi</span> <span class='ocrx_word' id='word_1_232' title='bbox 279 3781 345 3823; x_wconf 92' lang='lat' dir='ltr'>non</span> <span class='ocrx_word' id='word_1_233' title='bbox 366 3781 449 3845; x_wconf 90' lang='lat' dir='ltr'>puro</span> <span class='ocrx_word' id='word_1_234' title='bbox 467 3759 658 3846; x_wconf 87' lang='lat' dir='ltr'>sinceroque</span> <span class='ocrx_word' id='word_1_235' title='bbox 679 3762 818 3828; x_wconf 82' lang='lat' dir='ltr'>veritatis</span> <span class='ocrx_word' id='word_1_236' title='bbox 842 3785 950 3830; x_wconf 87' lang='lat' dir='ltr'>amore</span> <span class='ocrx_word' id='word_1_237' title='bbox 977 3775 1143 3850; x_wconf 87' lang='lat' dir='ltr'>reguntur,</span> <span class='ocrx_word' id='word_1_238' title='bbox 1169 3767 1226 3831; x_wconf 91' lang='lat' dir='ltr'>sed</span> <span class='ocrx_word' id='word_1_239' title='bbox 1250 3767 1302 3830; x_wconf 84' lang='lat' dir='ltr'>vel</span> 
     </span>
     <span class='ocr_line' id='line_1_32' title="bbox 202 3868 1302 3966; baseline 0.007 -34"><span class='ocrx_word' id='word_1_240' title='bbox 202 3868 337 3954; x_wconf 90' lang='lat' dir='ltr'>partium</span> <span class='ocrx_word' id='word_1_241' title='bbox 360 3869 464 3935; x_wconf 88' lang='lat' dir='ltr'>studio</span> <span class='ocrx_word' id='word_1_242' title='bbox 488 3870 539 3936; x_wconf 84' lang='lat' dir='ltr'>vel</span> <span class='ocrx_word' id='word_1_243' title='bbox 555 3871 661 3957; x_wconf 89' lang='lat' dir='ltr'>pravis</span> <span class='ocrx_word' id='word_1_244' title='bbox 684 3870 906 3966; x_wconf 84' lang='lat' dir='ltr'>cupiditatibus</span> <span class='ocrx_word' id='word_1_245' title='bbox 923 3875 1154 3961; x_wconf 87' lang='lat' dir='ltr'>obtemperant.</span> <span class='ocrx_word' id='word_1_246' title='bbox 1175 3875 1302 3956; x_wconf 81' lang='lat' dir='ltr'>,Quum</span> 
     </span>
     <span class='ocr_line' id='line_1_33' title="bbox 203 3977 1300 4068; baseline 0.007 -26"><span class='ocrx_word' id='word_1_247' title='bbox 203 3977 290 4065; x_wconf 89' lang='lat' dir='ltr'>apud</span> <span class='ocrx_word' id='word_1_248' title='bbox 304 3977 500 4065; x_wconf 85' lang='lat' dir='ltr'>Sophoclem</span> <span class='ocrx_word' id='word_1_249' title='bbox 514 3978 745 4065; x_wconf 89' lang='lat' dir='ltr'>Neoptolemus</span> <span class='ocrx_word' id='word_1_250' title='bbox 760 3982 947 4048; x_wconf 87' lang='lat' dir='ltr'>adolescens</span> <span class='ocrx_word' id='word_1_251' title='bbox 962 3982 1176 4068; x_wconf 66' lang='lat' dir='ltr'>miratumque</span> <span class='ocrx_word' id='word_1_252' title='bbox 1187 3986 1300 4068; x_wconf 88' lang='lat' dir='ltr'>fronte,</span> 
     </span>
    </p>
   </div>
   <div class='ocr_carea' id='block_1_3' title="bbox 82 4087 1301 4180">
    <p class='ocr_par' dir='ltr' id='par_1_4' title="bbox 82 4087 1301 4180">
     <span class='ocr_line' id='line_1_34' title="bbox 82 4087 1301 4180; baseline 0.01 -32"><span class='ocrx_word' id='word_1_253' title='bbox 82 4089 86 4094; x_wconf 85' lang='lat'>&#39;</span> <span class='ocrx_word' id='word_1_254' title='bbox 204 4109 267 4172; x_wconf 91' lang='lat' dir='ltr'>quo</span> <span class='ocrx_word' id='word_1_255' title='bbox 292 4107 348 4152; x_wconf 91' lang='lat' dir='ltr'>ore</span> <span class='ocrx_word' id='word_1_256' title='bbox 371 4087 497 4156; x_wconf 82' lang='lat' dir='ltr'>mentiri</span> <span class='ocrx_word' id='word_1_257' title='bbox 530 4088 684 4176; x_wconf 88' lang='lat' dir='ltr'>quispiam</span> <span class='ocrx_word' id='word_1_258' title='bbox 709 4091 790 4156; x_wconf 89' lang='lat' dir='ltr'>ausit</span> <span class='ocrx_word' id='word_1_259' title='bbox 820 4090 933 4174; x_wconf 89' lang='lat' dir='ltr'>sciens,</span> <span class='ocrx_word' id='word_1_260' title='bbox 957 4093 1133 4178; x_wconf 88' lang='lat' dir='ltr'>respondet</span> <span class='ocrx_word' id='word_1_261' title='bbox 1156 4093 1301 4180; x_wconf 85' lang='lat' dir='ltr'>Ulysscs,</span> 
     </span>
    </p>
   </div>
   <div class='ocr_carea' id='block_1_4' title="bbox 259 4324 639 4394">
    <p class='ocr_par' dir='ltr' id='par_1_5' title="bbox 259 4324 639 4394">
     <span class='ocr_line' id='line_1_35' title="bbox 259 4324 639 4394; baseline 0.003 -17"><span class='ocrx_word' id='word_1_262' title='bbox 259 4325 285 4394; x_wconf 83' lang='lat'>1)</span> <span class='ocrx_word' id='word_1_263' title='bbox 304 4324 343 4377; x_wconf 80' lang='lat' dir='ltr'>nr</span> <span class='ocrx_word' id='word_1_264' title='bbox 361 4326 421 4380; x_wconf 80' lang='lat' dir='ltr'>aas.</span> <span class='ocrx_word' id='word_1_265' title='bbox 440 4325 503 4381; x_wconf 76' lang='lat'>412.</span> <span class='ocrx_word' id='word_1_266' title='bbox 522 4324 556 4382; x_wconf 81' lang='lat' dir='ltr'>of.</span> <span class='ocrx_word' id='word_1_267' title='bbox 576 4327 639 4382; x_wconf 75' lang='lat' dir='ltr'>aas.</span> 
     </span>
    </p>
   </div>
   <div class='ocr_carea' id='block_1_5' title="bbox 0 0 1598 5090">
    <p class='ocr_par' dir='ltr' id='par_1_6' title="bbox 0 0 1598 5090">
     <span class='ocr_line' id='line_1_36' title="bbox 0 0 1598 5090; baseline 0 0"><span class='ocrx_word' id='word_1_268' title='bbox 0 0 1598 5090; x_wconf 95' lang='lat' dir='ltr'> </span> 
     </span>
    </p>
   </div>
  </div>
 </body>
</html>
