3186 5090
770 297 811 361 69

241 478 309 542 sola
333 477 431 542 nutrit
450 476 598 542 iuvidia.“
643 475 698 555 „In
716 474 826 541 schola
847 496 924 539 uero
947 474 992 540 sic
1021 475 1140 558 vivere,
1172 485 1207 540 ut
1234 476 1345 540 vivunt

240 587 273 651 in
295 607 393 652 arena
415 584 619 672 gladiatores,
641 594 736 671 turpe
756 609 793 650 ac
815 586 968 650 miserum
991 592 1066 649 est.“
1085 621 1127 634 -
1150 583 1259 666 Quare
1276 583 1341 650 Me·

242 694 412 760 lanehthon
442 693 574 760 eruditis
596 693 689 758 viris:
726 693 837 776 „Illud
862 694 972 780 inquit,
1001 715 1116 760 moneo
1140 692 1226 778 quod
1255 693 1339 779 apud

241 803 417 868 Homerum
440 813 497 885 est,
519 803 572 890 qui
601 802 705 888 fingit,
730 801 815 867 Aten
842 802 1037 868 validissimo
1061 823 1195 889 corpore
1224 802 1343 867 discur-

239 933 313 976 rere
337 921 367 976 ct
402 911 531 976 dissidia
553 913 703 994 excitare,
726 911 816 996 sequi
838 933 915 976 vero
938 910 1024 976 Litas
1048 910 1196 976 divinitus
1220 910 1341 991 missas,

243 1041 323 1105 quae
353 1020 520 1083 hortantur
550 1029 585 1083 ut
615 1019 760 1084 homines
793 1020 926 1084 redeant
959 1019 991 1083 iu
1024 1027 1164 1084 mutuam
1195 1017 1341 1104 gratiam.

240 1126 331 1192 Haec
352 1128 508 1192 sententia
529 1148 727 1212 nequaquam
744 1129 877 1213 profana
896 1136 951 1192 est.
974 1125 1067 1194 Scitis
1085 1126 1167 1192 enim
1181 1151 1198 1191 a
1212 1125 1340 1191 Christo

240 1235 331 1300 nobis
374 1234 576 1300 severissime
608 1236 861 1300 commendatum
894 1256 966 1300 esse
994 1236 1056 1300 hoc
1094 1234 1190 1300 officii
1220 1256 1341 1319 genus:

242 1344 403 1408 Remittite
429 1353 459 1408 et
487 1344 664 1408 remittetur
686 1344 805 1409 vobis.“
863 1345 1012 1409 Ceterum
1040 1344 1093 1410 hie
1117 1367 1243 1430 quoque
1264 1345 1343 1410 resi-

238 1453 387 1518 stendum
421 1475 492 1518 esse
530 1452 606 1518 dicit
642 1453 816 1540 principiis,
854 1476 952 1540 saepe
989 1453 1071 1518 enirn
1106 1455 1270 1535 accidisse,
1309 1464 1344 1518 ut

239 1573 345 1642 „ortae
377 1563 574 1628 eruditorum
598 1563 870 1629 dissensiuneulae
900 1585 943 1630 ex
972 1562 1141 1628 levissimis
1167 1563 1262 1628 initiis
1286 1585 1341 1628 ex·

244 1671 375 1737 citarent
397 1671 546 1756 ingentes
568 1671 750 1735 tumultus.“

282 1779 406 1844 Laudat
437 1779 541 1843 virum
569 1781 654 1844 inter
683 1779 906 1844 humaniorum
938 1778 1115 1844 studiorum
1144 1781 1342 1846 restitutores

241 1887 498 1968 celeberrimum,
521 1886 728 1974 Redolphum
748 1887 945 1972 Agricolam,
971 1888 1065 1972 quod,
1091 1909 1187 1972 quum
1211 1887 1343 1953 Heidel-

241 1999 375 2082 bergam
395 2005 522 2061 vocatus
544 2005 636 2076 esset,
660 2019 723 2060 non
743 1997 782 2060 sit
797 1997 908 2061 solitus
927 1997 1051 2062 irritare
1067 2019 1213 2061 morosos
1230 1997 1340 2061 intem-

238 2105 369 2193 pestivis
400 2105 715 2193 reprehensionibus,
743 2128 786 2170 ne
818 2106 894 2190 quid
926 2115 1050 2170 sereret
1081 2107 1287 2171 certaminum
1308 2107 1341 2171 in

238 2215 356 2296 schola,
378 2236 477 2302 saepe
499 2214 644 2295 recitans,
669 2213 787 2299 hospiti
811 2214 910 2279 multa
939 2214 1168 2280 dissimulanda
1201 2237 1282 2295 esse,
1305 2223 1340 2279 ut

242 2325 385 2392 Graecus
409 2346 521 2388 versus
546 2325 602 2388 ait:

450 2430 537 2507 ξένον
560 2432 594 2494 δὲ
616 2433 708 2518 σιγᾷν
732 2437 870 2516 κρεῖττον
891 2425 911 2516 ἢ
931 2431 1127 2517 κεκραγέναι.

239 2543 405 2608 Platonem
428 2542 610 2618 Xenocrati,
635 2543 687 2628 qui
709 2542 848 2607 tristiore
880 2553 912 2608 et
932 2543 1089 2630 rigidiora
1109 2551 1221 2608 natura
1244 2551 1339 2622 esset,

239 2660 276 2715 ut
295 2651 335 2716 ad
357 2650 545 2732 comitatem,
567 2651 749 2717 suavitatem
771 2661 802 2717 et
824 2651 1004 2728 ἐπιείκειαν,
1027 2653 1060 2716 in
1083 2650 1241 2718 communi
1265 2673 1338 2716 con-

239 2761 409 2833 suetudine
431 2762 638 2842 necessarias,
668 2782 741 2825 eum
770 2762 931 2844 excitaret,
962 2761 1071 2828 dicere
1100 2745 1228 2826 solitum
1253 2783 1340 2826 esse:

241 2871 356 2932 σπένδε
375 2868 518 2954 χάρισιν.
562 2869 677 2956 Neque
696 2881 802 2936 tamen
823 2872 865 2936 ita
884 2872 1159 2937 mansuetudinem
1182 2892 1339 2936 commen-

241 2978 326 3043 davit
346 2978 580 3062 Melanehthon,
603 2989 638 3045 ut
663 2980 841 3046 cedendum
859 2990 1005 3047 censeret
1022 3001 1120 3045 verae
1141 2978 1339 3065 turpitudini,

242 3088 329 3153 euius
355 3087 429 3152 odio
451 3088 650 3174 implacabali
672 3089 735 3154 iam
755 3112 874 3176 pueros
896 3089 1024 3176 impleri
1046 3089 1196 3176 voluit1).

283 3196 321 3259 In
339 3197 501 3262 iuventute
523 3197 703 3263 academica
722 3198 756 3262 id
777 3197 918 3263 maxime
939 3198 1158 3285 reprehendit,
1183 3197 1269 3283 quod
1292 3221 1340 3262 ca-

240 3313 331 3369 reant
352 3304 442 3370 multi
464 3305 588 3370 sincero
610 3306 753 3372 discendi
775 3307 892 3372 ardore
916 3317 946 3372 et
968 3309 1150 3372 constantia.
1185 3307 1254 3370 Hos
1274 3315 1339 3371 tan-

241 3409 289 3496 git
324 3411 412 3476 hisee
443 3413 565 3477 verbis:
608 3412 798 3490 ,Iohannem
833 3413 1041 3480 Stoelilerum
1074 3414 1339 3494 mathematicum,

242 3519 330 3585 cuius
354 3529 385 3585 et
405 3531 608 3586 monumenta
633 3531 757 3587 exstant
778 3523 999 3608 praeclaraet
1020 3527 1159 3609 gravitas
1180 3533 1274 3609 atque
1295 3524 1340 3588 in-

240 3630 370 3714 tegritas
393 3630 427 3694 in
457 3630 541 3694 omni
574 3631 645 3711 vita,
675 3631 826 3696 sedulitas
857 3642 951 3717 atque
980 3633 1147 3698 assiduitas
1175 3632 1208 3698 in
1233 3637 1339 3719 operis

240 3737 434 3802 scholasticis
464 3738 637 3804 multorum
659 3741 839 3805 celebratur
871 3741 1080 3824 sermonibus,
1108 3741 1221 3826 quibus
1249 3752 1341 3806 notus

240 3846 307 3928 luit,
341 3847 432 3912 illum
464 3847 621 3936 (inquam)
653 3850 735 3914 salse
758 3851 1052 3935 reprehendentem
1086 3851 1119 3915 in
1141 3851 1338 3917 auditoribus

241 3956 306 4020 suis
328 3954 363 4019 τὸ
389 3958 572 4041 φιλόκαινον
594 3959 650 4022 καί
669 3954 705 4020 τὰ
730 3955 896 4043 ἁψίκορον,
923 3959 1103 4046 accepimus
1133 3961 1241 4026 dicere
1268 3961 1341 4026 soli-

244 4115 440 4134 4.-

291 4198 1017 4270 immummmmffima
