3186 5090
843 361 884 422 54

310 546 447 607 Σκυθῶν
468 541 569 627 ῥῆσις.
593 545 773 626 ,Quantum
791 544 871 610 lucis
892 548 1006 612 afferet
1025 545 1122 611 sacris
1141 548 1263 630 litteris,
1280 550 1334 634 qui
1349 549 1418 636 phi-

311 655 522 742 losophorum
558 655 732 720 doctrinam
755 656 796 720 de
818 657 960 723 moribus
994 681 1066 722 cum
1103 659 1167 723 illis
1197 662 1349 743 conferet,
1385 673 1417 726 et

312 764 459 830 ostendet
492 786 574 849 quae
606 765 812 846 consentiant,
845 749 927 852 quac
958 789 1022 832 non
1046 768 1286 833 consentiant?“
1328 769 1415 851 „Sed

313 881 347 937 ut
369 872 504 937 claudus
524 871 622 960 pilam
642 880 740 954 tenet,
761 874 804 938 ita
819 874 1056 961 philosophiam
1077 875 1232 942 moralem
1247 886 1358 943 tractat
1377 879 1414 961 is,

315 1003 412 1066 quem
433 980 568 1069 physica
589 981 790 1047 destituunt!
838 981 972 1063 „Fontes
1004 984 1090 1049 enim
1119 985 1250 1050 moralis
1271 987 1414 1073 philoso-

315 1092 421 1178 phiae·
435 1091 575 1156 continet
595 1091 741 1178 physice.
784 1091 826 1156 Et
848 1115 941 1178 quam
965 1091 1065 1158 multa
1086 1093 1233 1180 theologi
1251 1094 1418 1181 ,disputant

318 1201 358 1265 de
379 1221 488 1266 rerum
513 1201 626 1282 causis,
649 1201 691 1265 de
711 1202 864 1287 partibus,
885 1202 926 1266 de
947 1203 1013 1267 fine
1031 1203 1169 1267 hominis
1192 1213 1224 1267 et
1244 1203 1312 1268 aliis
1334 1204 1416 1268 mul-

314 1309 352 1374 tis
377 1310 465 1392 locis,
488 1331 570 1396 quae
594 1311 749 1398 explicari
773 1311 842 1375 sine
859 1310 1025 1376 elementis
1041 1310 1195 1398 physices
1210 1311 1302 1376 nullo
1318 1313 1416 1379 modo

313 1427 474 1506 possunt“
521 1419 672 1500 „Quoties
700 1419 733 1484 in
763 1421 899 1485 ecclesia
929 1421 1145 1486 controversia
1173 1429 1259 1486 mota
1293 1431 1342 1486 est
1375 1422 1417 1487 de

312 1530 385 1594 fato.
429 1529 490 1593 Hic
520 1529 596 1614 quid
622 1529 711 1594 dicet
739 1529 904 1616 imperitus
928 1529 1105 1615 physices?
1141 1531 1303 1616 quomodo
1327 1531 1415 1596 labe-

314 1638 440 1703 lactabit
461 1638 632 1703 stoicorum
652 1648 706 1704 aut
725 1635 1006 1726 peripateticorum
1030 1639 1201 1704 sententias
1225 1661 1303 1726 quas
1323 1639 1416 1726 igno·

277 1761 279 1765 ·
309 1747 399 1812 rat‘?“
448 1747 707 1835 ,sapientissime
738 1745 881 1814 Galenus
914 1747 1033 1833 inquit,
1058 1747 1233 1814 doctrinam
1264 1751 1419 1814 anatomi-

314 1883 383 1924 cam
404 1859 527 1922 initium
548 1878 620 1922 csse
643 1856 827 1942 theologiae
850 1866 882 1921 et
895 1857 1014 1922 aditum
1032 1858 1279 1946 adagnitionem
1293 1859 1416 1940 Deru.

313 2009 355 2020 -
375 1967 481 2049 ,Quid
504 1966 590 2052 quod
613 1966 706 2031 etiam
722 1965 873 2031 historiae
889 1967 1071 2053 cognitione
1092 1990 1172 2055 opus
1188 1977 1236 2032 cst
1249 1969 1416 2054 theologo,

313 2079 346 2141 in
370 2098 433 2162 qua
453 2086 488 2140 ut
509 2084 654 2162 tempora
675 2075 882 2158 consentiant,
914 2071 1065 2141 iudicium
1098 2098 1141 2140 cx
1171 2074 1310 2143 motibus
1333 2075 1417 2142 side-

311 2210 384 2252 rum
409 2194 441 2250 et
465 2207 507 2249 ex
529 2184 701 2272 eclipsibus
725 2185 870 2264 sumitur,
895 2207 989 2270 quam
1018 2186 1059 2250 ad
1085 2207 1155 2250 rem
1179 2185 1250 2270 quis
1282 2207 1347 2250 non
1368 2185 1417 2250 in·

312 2294 439 2381 telligit,
465 2315 599 2381 quarum
629 2293 744 2360 artium
774 2295 904 2360 scientia
932 2294 1115 2361 adhibenda
1143 2292 1182 2358 sit
1194 2295 1228 2358 ‘2‘
1277 2293 1415 2376 ,Quanti

295 2427 392 2468 -vero
414 2407 542 2486 referat,
568 2404 661 2469 etiam
689 2405 728 2468 ad
751 2412 839 2469 recte
869 2403 1074 2469 iudicandum
1102 2403 1144 2468 de
1172 2427 1248 2468 sana
1272 2403 1417 2470 doctrina

311 2512 489 2600 religionis,
519 2513 559 2576 ad
596 2512 804 2604 erudiendam
836 2522 867 2577 et
898 2512 1146 2578 confirmandam
1179 2513 1416 2596 conscientiam,

311 2629 474 2710 integrum
497 2648 613 2712 corpus
635 2624 784 2690 historiae
817 2624 929 2690 mundi
952 2626 992 2689 ob
1017 2625 1126 2689 oeulos
1150 2624 1281 2704 habere,
1306 2623 1341 2688 id
1369 2624 1417 2688 illi

316 2743 443 2814 norunt,
469 2734 521 2819 qui
544 2734 577 2797 in
599 2719 798 2820 explicandis
822 2734 890 2798 eius
915 2731 1075 2796 doctrinae
1101 2731 1326 2798 controversiis
1347 2753 1419 2796 ver-

316 2851 432 2908 santur.
484 2840 580 2909 Oertc
604 2843 729 2928 ingenti
748 2841 824 2932 ¹luce
852 2842 885 2907 in
915 2844 1061 2908 omnibus
1083 2841 1181 2906 rebus
1205 2839 1417 2906 diiudicandis

319 2951 542 3033 destituamur,
564 2952 589 3017 si
611 2953 670 3017 hae
689 2951 880 3037 antiquitatis
902 2951 1012 3016 notitia
1030 2973 1204 3032 careamus,
1227 2959 1262 3015 ut
1281 2959 1416 3032 taceam,

257 3085 259 3092 ·
316 3061 404 3147 quod
423 3061 486 3125 vita
513 3062 651 3126 humana
681 3063 714 3126 in
745 3061 931 3126 universum
957 3061 1025 3124 sine
1055 3059 1238 3146 cognitione
1265 3059 1437 3125 historiae.

316 3169 397 3234 nihil
419 3169 505 3234 aliud
536 3179 592 3253 est,
619 3193 723 3258 quarn,
755 3179 791 3235 ut
820 3171 876 3234 illc
908 3169 959 3251 ait,
981 3178 1138 3257 perpetua
1161 3168 1314 3254 quaedam
1337 3189 1417 3256 puc-

316 3278 451 3364 ritia“²‚).

355 3385 447 3467 ,Ilias
468 3386 623 3451 malorum
648 3392 696 3450 est
725 3385 885 3451 inerudita
917 3385 1090 3472 theologia.
1144 3385 1202 3450 Est
1231 3385 1317 3450 enim
1341 3405 1415 3450 con·

313 3497 383 3562 fusa
419 3494 570 3576 doctrina,
598 3495 631 3558 in
671 3515 732 3580 qua
762 3507 909 3580 'magnae
943 3517 995 3559 res
1025 3516 1091 3560 non
1128 3493 1330 3581 explicantur
1367 3493 1414 3557 di-

315 3613 411 3685 serte,
447 3603 620 3672 miscentur
660 3625 698 3667 ea
729 3624 810 3688 quae
851 3604 1017 3691 oportebat
1045 3603 1183 3689 seiungi,
1213 3625 1325 3668 rursus
1360 3601 1416 3666 illa

317 3733 398 3798 quae
420 3721 530 3776 natura
554 3711 706 3798 coniungi
728 3713 869 3799 postulat
891 3713 1128 3778 distrahuntur:
1153 3733 1250 3798 saepe
1271 3733 1415 3799 pugnau-

309 3809 359 3890 'tia
384 3823 542 3906 dicuntur,
566 3823 668 3889 vicina
690 3823 885 3911 arripiuntur
912 3845 973 3912 pro
995 3823 1079 3888 veris
1103 3845 1139 3888 ac
1163 3823 1311 3921 propriis.
1354 3819 1415 3886 Po·

324 4041 520 4052 -a--n

372 4183 1041 4256 nmffimmnmmmm

370 4280 847 4353 mmmmmmwm.
