3186 5090
724 385 766 449 49

188 571 318 658 saepius
344 569 610 635 immortalitatem
633 568 756 641 animae
788 577 819 633 et
839 569 934 632 vitam
958 576 1117 634 aeternam
1140 567 1290 648 nominat,

190 679 225 745 id
249 679 325 744 inde
346 677 485 742 maxime
511 677 719 742 derivandum
744 685 800 757 est,
826 677 911 760 quod
933 677 1107 760 plurimum
1119 674 1203 762 apud
1218 696 1294 741 eum

189 787 292 875 pollet
317 809 481 852 causarum
495 787 637 850 finalium
656 807 737 871 quae
752 785 901 850 dicuntur
915 787 1063 870 gravitas.
1107 783 1288 869 „Cogitent

190 895 300 980 inquit,
328 898 431 961 bonae
460 903 583 959 mentes
616 894 692 979 quid
720 893 861 980 requirat
888 892 996 957 notitia
1018 891 1119 956 linis.“
1164 891 1200 960 si
1223 889 1292 976 quis

191 1005 282 1086 dicat,
304 1003 486 1068 universam
507 1003 672 1068 hominum
694 1003 877 1068 societatem
899 1025 969 1066 cum
990 1010 1037 1066 tot
1057 1002 1164 1084 „vitae
1187 999 1294 1088 gradi-

191 1115 248 1178 bus
274 1121 306 1176 et
327 1112 481 1193 artibus“,
505 1133 577 1176 eum
598 1119 681 1178 tanta
701 1111 904 1192 „officiorum
933 1119 1026 1196 atque
1050 1132 1218 1176 munerum
1240 1131 1293 1174 va·

188 1221 322 1286 rietatc“
342 1221 382 1286 ad
398 1242 471 1286 eum
487 1221 585 1286 finam
603 1219 806 1286 referendam
827 1239 908 1301 esse,
929 1228 980 1300 ,ut
993 1219 1026 1282 in
1041 1201 1105 1283 rita
1121 1217 1291 1304 tranquilla

190 1329 329 1394 suaviter
349 1330 491 1394 fruamur
511 1328 725 1413 voluptatibus
747 1351 784 1394 ae
805 1327 956 1413 paulatim
978 1327 1083 1392 nativo
1107 1327 1215 1392 colore
1239 1327 1292 1392 de·

190 1437 348 1523 flagrante
388 1438 458 1502 sine
501 1459 560 1524 spe
596 1437 837 1502 immortalitatis
871 1436 998 1522 placide
1039 1439 1290 1522 putrescemus“,

189 1547 293 1628 „haee
315 1545 413 1610 oratio
433 1547 530 1631 plena
550 1545 755 1630 turpitudinis
780 1567 816 1610 ao
837 1544 967 1610 sceleris
991 1549 1074 1609 est.“
1124 1529 1241 1624 Homo,
1265 1543 1292 1606 si

190 1655 358 1720 meliorem
379 1663 524 1720 naturam
545 1677 635 1720 suam
657 1654 809 1739 sequitur,
831 1654 940 1721 Deum
964 1663 994 1720 et
1013 1655 1134 1720 initium
1150 1653 1291 1719 etfinem

185 1763 252 1827 sibi
275 1762 436 1849 proponit,
459 1771 494 1826 ut
515 1763 558 1842 ait
576 1761 814 1828 Nazianzenus:

405 1869 508 1954 ἀρχὴν
530 1868 678 1934 ands-rur
700 1871 754 1934 κιιί
778 1869 866 1946 τέλος
891 1877 979 1934 ποιεῖ
996 1870 1119 1956 triv).

193 1979 294 2064 Atqui
318 1989 479 2065 repugnat
507 1979 630 2062 rationi,
657 1979 851 2061 hominibus,
872 2001 937 2042 non
962 1980 1034 2044 data
1060 1979 1293 2044 immortalitate

190 2088 323 2171 animae,
351 2089 450 2154 finem
473 2091 619 2176 proponi,
645 2113 739 2175 quem
761 2111 866 2174 neque
896 2090 1015 2176 singuli
1035 2113 1140 2175 neque
1167 2090 1293 2156 univer·
1362 2107 1366 2116 ’

193 2219 263 2262 sum
287 2219 390 2282 genus
415 2199 540 2283 assequi
569 2221 707 2283 unquam
728 2199 862 2264 valeant.
920 2198 1079 2285 Congruit
1111 2221 1191 2284 ergo
1223 2223 1294 2265 cum

190 2307 314 2372 ratione
338 2329 375 2373 ea
396 2330 479 2394 spes,
505 2331 598 2394 quam
620 2309 917 2396 pietas‘certissima
945 2309 1061 2374 fiducia
1083 2307 1294 2394 amplectitur.

193 2414 425 2482 Perfectionenr
450 2426 553 2482 autem
585 2418 618 2480 in
648 2416 833 2503 plenissima
865 2417 1085 2481 coniunctione
1118 2439 1190 2482 oum
1219 2415 1293 2481 Deo

192 2524 409 2607 quaerendam
425 2524 652 2592 Melanchthon
673 2536 708 2590 ut
729 2524 882 2590 voluntati
903 2524 946 2588 ita
965 2524 1139 2590 intellectui
1158 2523 1293 2588 hominis

190 2632 349 2716 proponit.
388 2631 497 2712 Quare
520 2656 617 2719 quum
638 2635 746 2720 paucis
770 2635 881 2699 diebus
905 2642 976 2698 ante
1002 2632 1121 2698 obitum
1147 2631 1180 2696 in
1203 2633 1292 2697 sche-

192 2739 277 2828 dula
293 2740 428 2824 quadam
458 2763 504 2823 ea,
529 2763 609 2824 quae
631 2745 789 2828 sperabat,
820 2741 941 2827 aliquot
970 2741 1063 2806 lineis
1086 2739 1293 2825 significaret,

193 2869 259 2912 non
283 2856 404 2912 tantum
436 2851 562 2936 scripsit
589 2873 649 2933 „se
672 2851 885 2917 discessurum
910 2871 981 2915 esse
1004 2875 1021 2916 a
1042 2848 1212 2936 peccarim,
1237 2849 1294 2914 sed

194 2957 286 3022 etiam
312 2979 347 3022 se
376 2968 620 3044 perspecturum
650 2959 730 3042 „illa
751 2959 830 3024 mira
850 2982 964 3025 arcana
987 2981 1067 3044 quac
1089 2958 1122 3022 in
1148 2958 1208 3024 hac
1229 2957 1293 3022 vita

193 3066 378 3152 intelligere
400 3089 466 3133 non
496 3069 654 3154 potuerit;
687 3069 810 3136 cursio
837 3071 934 3134 simus
966 3068 1098 3149 conditi3
1134 3067 1235 3152 qualis
1258 3068 1298 3132 sit

196 3175 356 3262 copulatio
395 3177 529 3242 duamm
562 3187 745 3243 namrarum
776 3178 808 3242 in
844 3177 1041 3264 Christo‘ffl).
1095 3175 1183 3241 luter
1217 3176 1297 3240 haec

195 3284 276 3348 mira
300 3284 394 3352 etiam
420 3307 456 3350 ea
487 3286 591 3351 omnia
610 3285 728 3368 retulit,
755 3307 961 3371 quaecunque
989 3285 1023 3349 in
1053 3284 1298 3372 contemplanda

194 3412 303 3458 rerum
334 3403 446 3460 natura
475 3395 606 3486 scientia
636 3396 777 3481 physica,
802 3394 1001 3480 quantumvis
1031 3395 1194 3481 procedat,
1224 3414 1296 3480 per·

196 3523 333 3568 noscere
357 3526 423 3568 non
445 3513 560 3590 potest.
598 3503 651 3568 De
673 3503 722 3570 his
747 3525 873 3589 quoque
895 3503 1000 3590 ipsum
1020 3503 1296 3569 Melanehthonem

195 3611 382 3699 loquentem
404 3612 649 3678 introducimus:
687 3613 899 3695 „Mirandum
921 3612 1031 3696 inquit,
1061 3632 1140 3698 opus
1163 3611 1227 3676 Dei
1251 3619 1299 3676 est

195 3723 400 3788 tenebrarum
435 3732 465 3786 et
491 3722 570 3787 lucis
595 3721 762 3804 distinctio,
788 3731 819 3786 ct
847 3721 945 3786 oeulis
974 3721 1138 3786 hominum
1164 3721 1212 3784 vis
1247 3742 1297 3786 co-

198 3830 286 3916 gnita
313 3830 402 3896 lucis.
446 3829 510 3896 Hie
532 3851 612 3916 quae
644 3852 756 3894 causae
777 3826 945 3893 monstrari
979 3836 1122 3914 possunt,
1152 3850 1207 3894 eur
1237 3829 1298 3894 hae

196 3939 378 4025 pelliculae,
407 3939 507 4020 nervi,
528 3938 679 4004 humores
706 3937 866 4004 domicilia
886 3936 949 4000 sint
975 3935 1054 4000 lucis
1077 3944 1109 3999 et
1139 3936 1228 4000 velut
1249 3936 1298 4002 sol

254 4184 279 4252 1)
296 4181 335 4234 ιιι
354 4181 414 4236 eor.
433 4179 498 4236 xm
515 4181 558 4235 aa.

254 4278 280 4350 a)
298 4277 337 4330 rx
354 4277 433 4333 rose.
