3186 5090
743 357 786 422 63

209 535 378 604 Scaevolns
402 547 434 602 et
455 536 637 624 Ulpianus!
686 537 823 624 Saepius
846 535 1069 603 Melanchthcn
1090 535 1250 615 admonet,
1272 542 1308 599 ut

210 655 316 732 spreta
335 645 519 733 theologiae
550 646 592 710 ita
612 654 721 733 spreta
741 644 1012 732 inrisprudentioc
1034 641 1213 710 eruditione
1233 663 1309 707 mcx

212 755 307 820 etium
324 754 455 842 lingna
486 765 520 820 et
545 775 659 822 omnes
689 757 790 821 henas
821 755 942 820 litteras
971 760 1187 840 contemptum
1216 750 1255 816 iri
1279 757 1312 816 et

210 864 373 950 ingentem
392 865 613 932 confusionem
636 889 673 930 ac
693 864 870 931 barbariem
892 863 975 929 vitoe
997 861 1162 958 hominum
1184 869 1308 926 secutu-

212 995 278 1038 ram
303 977 426 1060 esse¹).

253 1083 429 1165 Postremo,
460 1092 496 1147 ut
521 1083 760 1171 proposuimus,
783 1082 823 1150 de
858 1083 1001 1150 dochino
1027 1083 1151 1148 medica
1181 1103 1225 1146 ex
1243 1080 1308 1148 hle·

213 1191 410 1257 lauchthnnis
439 1193 565 1280 scriptis
599 1215 713 1279 pauco,
747 1214 830 1278 quae
856 1193 951 1258 huius
973 1191 1034 1257 loci
1062 1213 1133 1258 esse
1154 1191 1245 1259 nobis
1264 1190 1309 1254 vi·

191 1301 337 1383 dentur,
360 1304 542 1368 afferamus.
596 1300 738 1368 Summis
771 1311 803 1366 et
822 1301 909 1366 illam
932 1300 1080 1366 laudibus
1104 1303 1206 1381 effert,
1228 1323 1310 1381 ,non

214 1411 302 1496 quasi
323 1411 430 1477 alieno
464 1420 575 1478 ornatu
609 1420 641 1476 et
671 1411 820 1476 cretionis
850 1412 924 1476 linco
955 1409 985 1476 ei
1007 1431 1098 1495 opus·
1119 1409 1160 1474 sit
1195 1409 1309 1493 quibus

213 1520 464 1601 commendetur,
487 1520 546 1586 sed
559 1523 635 1607 'quo
661 1520 917 1585 adolescentibus
939 1519 1043 1583 adhuc
1063 1518 1219 1604 imperitis
1241 1516 1309 1584 eius

213 1629 369 1715 splendor
399 1653 436 1695 nc
470 1629 617 1695 maiestas
654 1629 866 1696 ostendatur!
921 1626 1044 1694 Laudat
1070 1627 1139 1692 eius
1162 1625 1256 1692 studii
1272 1609 1310 1690 et

212 1738 375 1806 utilitatem
399 1748 431 1804 et
459 1739 655 1821 suavitatem,
678 1741 765 1825 quod
794 1741 920 1823 ,iuvare
943 1739 1087 1805 homiues
1111 1738 1149 1804 sit
1179 1747 1210 1802 et
1238 1759 1309 1802 san·

212 1839 385 1905 ctissimum
400 1839 539 1907 officium
555 1850 586 1906 et
602 1841 730 1908 homine
746 1841 979 1928 dignissimum,
995 1862 1103 1926 neque
1117 1839 1205 1904 aurei
1221 1859 1308 1903 mon·

212 1956 272 2028 tes,
294 1948 403 2034 quiin
433 1950 548 2016 fabulis
578 1971 649 2014 esse
673 1950 827 2032 dicantur,
850 1958 970 2014 tantum
998 1950 1124 2014 valeant
1144 1948 1308 2014 honestam

212 2066 352 2122 mentem
370 2058 540 2141 oblectare,
564 2082 658 2145 quum
680 2081 791 2126 earum
811 2080 922 2125 rerum
945 2058 1084 2124 tractatio
1107 2058 1310 2142 cognitioque

205 2175 291 2251 'quas
323 2167 462 2232 continet
493 2167 677 2232 medicinae
727 2168 854 2249 ,Quare
886 2176 1025 2247 veteres,
1059 2165 1178 2251 inquit,
1211 2187 1316 2250 quum

214 2273 344 2359 quidem
366 2274 508 2340 omnium
535 2274 666 2342 charum
694 2271 934 2363 disciplinarum
964 2274 1190 2355 inventionem,
1213 2273 1309 2339 immo

213 2390 245 2446 et
267 2382 443 2450 litterarum
472 2393 503 2450 et
525 2384 638 2469 legum
660 2385 834 2472 primordia
863 2384 896 2450 in
924 2385 1070 2450 homines
1094 2392 1239 2448 auctores
1260 2403 1309 2448 rc-

211 2493 344 2574 ferrent,
365 2493 401 2558 in
417 2515 485 2560 una
503 2493 660 2560 medicina
682 2503 853 2561 senserunt
874 2502 988 2560 tantam
1012 2514 1083 2560 esse
1105 2492 1179 2573 vim,
1204 2501 1239 2556 ut
1254 2513 1309 2556 ne-

210 2600 328 2668 minem
349 2603 532 2670 mortalium
555 2604 690 2691 dignum
712 2604 876 2685 ducerent,
901 2604 951 2668 cui
976 2611 1097 2668 tuntum
1120 2601 1310 2668 beneficium

210 2719 377 2796 acceptum
408 2712 540 2793 ferrent,
564 2711 622 2778 sed
652 2735 770 2799 magno
802 2733 961 2778 consensu
986 2711 1162 2778 iudicarent
1194 2710 1308 2776 aDec

212 2839 281 2884 eam
305 2829 467 2906 repertam
491 2821 728 2908 exhibitumque
749 2822 841 2888 nohis
865 2826 963 2888 essett
1010 2820 1199 2902 ,Homerus,
1223 2828 1310 2884 vates

213 2928 282 2992 sine
306 2928 403 2996 dubio
424 2950 534 2996 rerum
558 2930 765 2996 humanarum
786 2930 1008 3018 peritissimus,
1030 2951 1129 2996 unum
1151 2928 1310 2996 medicum

212 3037 320 3102 multis
344 3037 413 3103 aliis
433 3037 614 3104 hominihus
636 3048 797 3125 praestare
820 3039 969 3105 censuit.“
1016 3037 1149 3122 ,Neque
1171 3036 1310 3102 medico·

213 3167 285 3210 rum
308 3146 411 3212 ordini
433 3147 538 3212 fraudi
568 3169 641 3214 esse
673 3146 770 3214 dehet
799 3148 999 3235 quorundam
1028 3145 1188 3214 temeritas
1212 3154 1243 3210 et
1263 3146 1310 3210 in-

212 3254 310 3335 scitie,
334 3255 388 3341 qui
412 3254 480 3320 eius
514 3254 588 3322 artis
616 3255 713 3322 ,titulo
747 3279 783 3322 se
817 3256 1027 3340 venditantes,
1060 3254 1168 3320 multis
1202 3255 1310 3320 fucum

212 3361 336 3444 facient,
360 3362 474 3448 quibus
497 3361 524 3428 si
558 3359 628 3447 quis
664 3361 790 3428 titulum
824 3364 1016 3442 detraheret,
1046 3363 1133 3428 idem
1165 3383 1241 3426 sune
1264 3360 1310 3426 eis

212 3472 381 3554 accideret,
414 3473 501 3558 quod
532 3473 678 3540 Cumano
709 3473 807 3554 leoni,
839 3473 893 3558 qui
924 3472 1010 3558 pelle
1040 3471 1176 3536 nudatus
1204 3469 1310 3534 asinus

213 3581 317 3646 fiebat.
372 3580 468 3646 Tales
491 3604 557 3648 non
580 3581 682 3667 magis
712 3581 888 3646 medicinae
909 3581 1042 3646 officere
1064 3581 1192 3660 dehent,
1217 3599 1311 3664 quam

212 3688 437 3755 honestissimo
460 3690 687 3777 theologorum
709 3689 813 3757 ordini
845 3690 1033 3786 triobolores
1065 3688 1116 3753 isti
1145 3687 1310 3772 theologa-

211 3797 280 3878 stri,
305 3797 370 3884 qui,
394 3819 453 3864 ceu
485 3799 600 3865 foedae
629 3799 803 3886 Harpyiae,
827 3806 860 3863 et
889 3821 986 3879 sacru,
1021 3807 1053 3864 et
1081 3796 1310 3862 sanctissimum

211 3905 387 3992 theologici
410 3908 548 3974 nominis
570 3908 716 3975 ordinem
738 3908 912 3976 defoedant
926 3917 1021 3994 atque
1038 3905 1308 3996 conspurcanttl).

212 4077 410 4090 nnn—ne·—

265 4141 1008 4212 nmmmnmmmmmmp

267 4237 829 4310 mmmfflmmm
