3186 5090
814 368 857 432 64

329 547 369 612 Id
390 569 519 635 qnoque
541 547 719 613 medicinae
743 570 886 615 summae
910 548 998 614 laudi
1019 571 1093 616 essa
1118 551 1214 633 duait,
1238 551 1326 637 qnod
1348 574 1386 617 ea

286 658 427 722 maxime
448 656 488 723 ad
510 656 697 744 diligentius
717 658 895 723 bactandas
917 661 1032 725 multas
1049 661 1202 746 physicae
1224 662 1385 728 doctrinae

284 773 393 852 partes
415 764 580 832 homiuum
611 765 734 831 animos
763 768 905 832 traxerit
957 767 1012 836 Sic
1033 771 1199 835 botanicen
1231 771 1385 838 innuens:

283 874 441 956 ,Videtur
461 875 524 962 ipsi
544 885 686 956 naturae,
707 875 819 962 iuquit,
842 876 950 942 studio
970 879 1082 960 fuisse,
1106 880 1267 946 rarissima
1291 903 1385 967 quae·
1486 959 1489 966 ¹

286 1010 350 1073 que
370 1009 447 1052 suae
475 988 678 1074 benignitatis
700 1011 833 1055 munera
862 998 895 1053 et
914 1011 980 1054 nou
999 990 1195 1055 mediocrem
1224 990 1298 1056 boui
1319 991 1384 1054 vim

284 1098 317 1161 iu
336 1097 454 1162 intimis
482 1097 658 1163 herbarum
681 1098 833 1163 medullis
855 1099 1035 1164 recondere
1064 1109 1097 1164 et
1128 1099 1297 1181 occultare,
1320 1122 1382 1185 quo

283 1209 385 1272 bonos
408 1216 446 1278 et,
461 1209 582 1272 alacres
613 1208 700 1273 viros
729 1207 773 1272 ad
801 1208 1029 1294 inquirendum
1057 1219 1187 1275 acueret
1210 1219 1241 1274 ct
1272 1229 1382 1294 eorum

283 1316 389 1382 studia
400 1327 432 1381 et
445 1317 632 1383 industriam
644 1316 830 1382 liberalibus
848 1318 998 1404 praemiis
1013 1327 1251 1396 remunerarct3
1274 1339 1384 1404 qnem-

281 1427 457 1494 sdmodum
490 1427 549 1492 viri
580 1425 744 1514 principes
773 1447 886 1493 eorum
912 1427 1031 1508 virtuti,
1054 1427 1109 1513 qui
1140 1427 1174 1492 iu
1205 1427 1381 1492 certamini·

281 1540 342 1603 bus
363 1537 602 1624 praestiterunt,
626 1539 802 1624 exquisitos
834 1538 975 1603 honores
1005 1537 1125 1602 habere
1147 1537 1279 1601 solent!
1322 1535 1383 1600 Irn-

281 1646 393 1733 primis
413 1668 493 1712 rero
514 1647 704 1712 anatomiam
733 1657 765 1712 ct
793 1670 888 1733 quam
921 1669 1006 1712 nuuc
1035 1646 1123 1710 aiunt
1143 1644 1382 1732 physiologiam

242 1799 250 1819 .
282 1763 376 1843 (quas
399 1756 581 1843 disciplinas
604 1767 803 1844 quantopere
832 1756 927 1822 etiam
956 1756 995 1821 ad
1024 1756 1150 1822 animae
1172 1756 1315 1822 indolem
1335 1756 1383 1819 iu·

281 1866 494 1952 telligendam
513 1868 709 1932 necessarias
730 1868 890 1954 putaverit
910 1887 1006 1953 supra
1028 1865 1182 1953 diximus)
1207 1865 1383 1932 medicinae

281 1977 371 2062 quasi
391 1976 554 2063 peculium
574 1998 646 2041 esse
668 1975 765 2041 videt.
806 1976 914 2057 ,Haec
932 1976 1025 2056 enim,
1048 1975 1160 2062 iuquit,
1182 1973 1222 2040 ed
1242 1985 1382 2042 coutem-

280 2085 434 2172 plaudum
458 2086 632 2166 homiuem,
656 2107 720 2170 quo
748 2109 766 2148 a
794 2095 905 2150 natura
929 2107 993 2148 nou
1016 2082 1102 2148 aliud
1127 2083 1243 2148 animal
1264 2084 1381 2150 melius

280 2204 334 2258 aut
354 2195 566 2281 praestantius
590 2204 644 2258 aut
671 2194 809 2259 divinius
838 2193 999 2259 conditum
1030 2204 1087 2276 est,
1113 2215 1240 2258 omnem
1260 2193 1383 2279 ingenii

279 2302 344 2367 vim
366 2311 398 2367 et
419 2303 515 2369 animi
535 2305 635 2369 robur
658 2304 822 2384 convertit,
846 2323 956 2366 omues
985 2302 1052 2366 eius
1075 2311 1182 2388 partes
1197 2302 1380 2388 perlustrat,

280 2411 409 2498 singula
438 2414 582 2478 membra
607 2433 755 2477 scorsum
781 2411 916 2499 propius
944 2410 1088 2475 intuetur
1116 2418 1149 2474 el
1178 2410 1241 2474 acri
1264 2409 1381 2474 iudicio

282 2521 443 2586 examinat
465 2522 678 2609 singulosque
700 2522 770 2587 eius
798 2522 936 2608 angulos
963 2529 1127 2608 perreptat
1157 2529 1188 2584 et
1208 2520 1380 2606 cognoscit,

280 2641 312 2696 et
331 2631 363 2696 iu
384 2631 563 2696 admirabili
590 2632 645 2696 illa
669 2641 700 2696 et
728 2631 802 2696 viva
822 2631 964 2718 corporis
994 2631 1124 2696 hnmani
1151 2629 1381 2718 compositione

280 2739 385 2804 omnia
417 2739 613 2826 singulatim,
634 2739 735 2804 veluti
767 2739 965 2804 luculentum
988 2749 1020 2803 et
1045 2737 1170 2804 illustro
1193 2738 1309 2804 nobilis
1332 2761 1379 2802 ar-

280 2847 404 2913 chitecti
426 2848 617 2930 aedificium,
639 2850 798 2935 perquirit
820 2858 852 2913 et
883 2847 1011 2934 inspicit
1039 2848 1147 2935 ibique
1170 2857 1244 2935 apte
1264 2857 1296 2912 et
1317 2847 1381 2911 cle-

280 2968 394 3042 gantcr
415 2957 567 3044 disposita
591 2957 776 3039 admiratur,
799 2957 826 3022 si
855 2979 936 3043 quae
965 2957 1075 3024 vitium
1107 2959 1262 3039 fecerunt,
1285 2965 1379 3036 notet,

279 3076 446 3152 totumque
467 3068 530 3132 hoc
552 3066 667 3130 animal
692 3064 773 3131 adeo
794 3065 991 3154 perplexum
1013 3071 1045 3132 et
1066 3068 1243 3148 sinuosum,
1266 3074 1379 3130 utnon

279 3175 393 3240 iniuria
421 3175 545 3242 Momus
565 3175 594 3240 ci
616 3177 773 3239 fenestras
794 3173 958 3239 addendas
981 3175 1150 3257 censuerit,
1168 3197 1231 3260 quo
1246 3195 1284 3240 ea
1299 3195 1379 3260 quae

279 3283 364 3364 intus
387 3294 461 3350 sunt
481 3284 632 3371 cognosci
666 3293 810 3370 possent,
844 3283 969 3370 lynceis
1007 3284 1108 3350 oculis
1139 3284 1301 3371 perspicit.
1345 3282 1380 3352 Si

278 3393 378 3478 igitur
400 3396 481 3481 quis,
507 3393 594 3481 quod
621 3393 875 3480 pulcherrimum
902 3401 933 3458 et
964 3393 1223 3459 honestissimum
1248 3402 1305 3473 est,
1331 3413 1378 3457 se·

279 3502 451 3589 metipsum
472 3504 557 3569 intus
581 3513 613 3568 et
634 3503 756 3568 incute
777 3523 975 3588 cognoscere
996 3502 1093 3590 cupit,
1114 3502 1214 3567 veluti
1239 3501 1380 3587 labyrin-

279 3610 369 3675 thum
403 3611 620 3698 iugressurus,
652 3612 841 3677 medicinam
879 3613 1004 3694 ducem,
1034 3635 1093 3678 ceu
1125 3610 1244 3677 Thesei
1278 3609 1379 3691 filum,

280 3728 444 3806 sequetur,
468 3719 494 3785 si
517 3721 617 3798 errori
638 3721 793 3808 implicari
816 3729 987 3786 clavero
1009 3721 1126 3786 deduci
1150 3743 1215 3785 nou
1235 3719 1329 3784 velit“
1341 3721 1378 3804 ¹).

322 3827 382 3893 Illa
402 3851 482 3896 vero
495 3839 597 3895 aetate
618 3831 713 3898 valde
738 3829 954 3896 necessarium
976 3839 1052 3912 erat,
1073 3829 1256 3895 homiuibus
1278 3827 1313 3892 id
1331 3827 1379 3890 iu-

281 3937 418 4020 culcare,
448 3940 534 4026 quod
568 3940 615 4008 his
644 3941 752 4007 verbis
773 3940 998 4006 Melanchthou
1034 3934 1200 4027 exprimit:
1233 3937 1380 4018 ,Istricae

280 4069 393 4112 manus
425 4047 600 4116 admovere
617 4049 689 4115 ‚nisi
721 4049 880 4137 physicen
912 4048 1072 4131 didiceris,
1102 4049 1240 4114 estsine
1263 4047 1379 4135 pennis

336 4258 362 4331 1)
380 4259 498 4317 xrrea
