3186 5090
805 387 846 454 32

271 573 390 638 frustra
411 570 572 638 Lutherus
591 572 691 638 amice
714 573 879 656 deriserat,
904 575 1074 641 erroribus.
1105 575 1174 640 Hos
1197 597 1269 640 cum
1292 573 1373 640 mul-

270 682 311 748 tis
331 683 606 769 praestantissimis
639 683 725 749 illius
758 683 869 748 aetatis
900 684 975 748 viris
1012 706 1197 750 communes
1231 685 1373 749 habebat.

271 791 321 873 Et,
344 801 379 857 ut
403 792 439 856 fit
461 792 543 857 inter
573 794 734 875 mortales,
758 793 790 857 in
816 792 921 859 animo
954 795 1022 859 cius
1057 794 1231 860 arctissime
1261 794 1375 858 cohae-

269 904 383 967 rebant
412 926 483 966 eunr
510 924 626 988 magna
660 911 692 966 et
720 901 888 988 ingeniosa
919 902 1110 969 divinatione
1138 903 1374 990 ,sympathiae“

270 1012 452 1094 cuiusdam,
475 1012 658 1078 universam
688 1035 797 1080 rerum
820 1022 964 1079 naturam
986 1014 1178 1100 permeantis
1205 1024 1236 1079 et
1259 1016 1300 1081 ad
1324 1039 1373 1080 or·

270 1122 415 1208 ganicam
438 1123 590 1187 unitatem
608 1122 840 1209 coniungentis.
868 1123 978 1204 Quare
995 1124 1130 1210 physico
1145 1146 1241 1190 sensu
1259 1147 1371 1189 verum

271 1254 378 1320 neque
403 1233 606 1298 incommode
630 1233 747 1298 dictum
771 1255 842 1298 esse
866 1234 909 1298 ait
930 1233 1050 1299 Manilii
1071 1257 1201 1299 versum
1225 1235 1331 1300 illum:

378 1342 595 1428 Materiaeque
619 1342 726 1407 datum
748 1351 797 1407 est
818 1341 892 1428 cogi
914 1342 972 1407 sed
994 1365 1115 1429 cogere
1140 1344 1271 1410 mundo.

313 1451 397 1518 Huic
424 1452 524 1538 igitur
552 1453 749 1539 sympathiae
784 1474 882 1537 quum
915 1451 984 1516 iure
1017 1451 1157 1538 quodam
1186 1452 1372 1517 universum
1414 1438 1419 1453 ⁸

272 1569 400 1648 quoque
424 1583 527 1648 genus
549 1563 723 1626 humanum
747 1560 898 1642 includat,
923 1584 1094 1648 perperam
1117 1561 1156 1626 ad
1180 1562 1372 1648 astrologiae

182 1684 194 1702 ·
270 1670 424 1757 figmenta
446 1692 515 1735 eam
536 1669 684 1735 deflectit.
706 1670 775 1736 Fati
797 1670 1019 1735 necessitatem
1042 1671 1084 1734 its
1099 1671 1260 1736 removeri
1275 1692 1373 1759 posse

271 1789 391 1861 censet,
414 1788 450 1844 ut
477 1789 544 1845 tum
566 1778 631 1843 Dei
652 1778 852 1866 providentia
876 1779 1073 1844 harmoniam
1095 1780 1182 1845 illam
1205 1802 1276 1846 esse
1300 1802 1373 1845 con-

271 1887 421 1969 stitutum,
446 1896 513 1952 tum
534 1887 641 1952 Deum
664 1910 727 1952 non
753 1909 824 1952 esse
847 1911 971 1953 causam
996 1889 1071 1952 mali
1091 1891 1288 1976 teneatur1).

313 1997 481 2064 Summum
503 2019 582 2061 vere
606 1997 857 2061 Melancbthonis
882 1996 922 2061 de
946 1997 1096 2063 doctrinis
1114 1997 1256 2084 physicis
1279 1997 1373 2060 meri-

269 2116 335 2172 tum
357 2107 391 2171 in
415 2129 454 2172 eo
476 2106 617 2193 positum
641 2116 699 2188 est,
724 2105 810 2193 quod
837 2107 948 2192 quavis
974 2106 1044 2172 data
1066 2107 1233 2172 occasione
1266 2129 1373 2171 earum

268 2216 506 2295 iucunditatem,
531 2215 727 2302 dignitatem,
753 2215 976 2280 necessitatem
1001 2216 1119 2280 diserte
1146 2215 1297 2302 exposuit
1317 2215 1374 2284 ita-

268 2325 436 2411 quainter
457 2334 502 2390 tot
536 2325 677 2390 omnium
706 2324 849 2410 gentium
872 2325 1030 2406 homines,
1058 2325 1112 2410 qui
1134 2325 1203 2389 eius
1228 2324 1281 2388 val
1307 2347 1372 2390 ser·

269 2456 399 2499 monem
420 2433 590 2500 audiebant
610 2434 663 2500 vel
685 2435 800 2521 scripta
822 2433 1013 2515 lectitabant,
1035 2434 1148 2522 plures
1170 2433 1238 2499 sine
1262 2433 1370 2514 dubio,

268 2566 363 2631 quam
395 2546 496 2632 vulgo
526 2552 677 2631 putatur,
709 2544 748 2610 ad
785 2545 864 2609 haec
898 2567 1026 2630 quoque
1064 2545 1168 2609 studia
1202 2543 1371 2631 instigavit.

268 2652 397 2733 Quanto
422 2652 515 2717 etiam
537 2651 571 2716 id
593 2651 689 2717 animi
715 2652 831 2718 ardore
861 2652 974 2740 egerit,
1008 2675 1048 2717 ox
1070 2654 1178 2720 verbis
1201 2652 1270 2718 eius
1291 2651 1373 2716 infra

269 2760 381 2848 positis
402 2760 577 2848 apparebit.

311 2869 490 2955 ,Physioen
514 2868 734 2946 laudabimus,
769 2889 849 2955 quae
872 2869 1056 2933 universam
1089 2891 1198 2933 rerum
1229 2877 1372 2932 naturam

270 2988 444 3060 scrutatur,
468 2977 612 3078 siderum
634 2987 739 3043 motus
770 3001 806 3042 ac
827 2977 923 3059 virae,
954 2977 1088 3064 plantas,
1113 2977 1290 3058 animantia,
1316 2978 1373 3039 mi-

270 3089 372 3155 rabile
403 3087 563 3174 opificium
594 3087 723 3151 humani
752 3087 905 3174 corporiS,
930 3111 1039 3152 causas
1068 3088 1310 3174 generationum
1343 3093 1374 3150 et

273 3197 525 3285 corruptionum.
571 3195 620 3262 Ac
640 3196 863 3285 sapientissimi
884 3196 944 3261 viri
964 3199 1064 3261 multa
1087 3196 1253 3282 eolligunt,
1275 3215 1374 3280 quare

272 3309 385 3372 harum
405 3314 562 3371 tantarum
590 3327 699 3370 rerum
724 3305 863 3390 cognitio
885 3304 1022 3368 maxime
1045 3304 1165 3369 homini
1190 3303 1373 3392 expetenda

273 3414 321 3482 sit.
356 3414 423 3484 Sed
445 3436 503 3478 nos
524 3435 588 3478 uno
608 3412 746 3498 Virgilio
767 3412 906 3478 contenti
928 3411 1057 3493 erimus,
1083 3412 1137 3497 qui
1161 3409 1374 3477 honorificen-

271 3524 392 3590 tissimo
414 3521 586 3611 praeconio
609 3522 691 3587 hanc
715 3522 890 3587 doctrinam
912 3521 1035 3587 ornavit
1057 3543 1155 3607 quum
1178 3521 1237 3585 ait:

422 3631 517 3697 Felix
539 3631 593 3717 qui
615 3631 717 3717 potuit
737 3651 846 3696 rerum
871 3651 1068 3717 cognoscere
1093 3653 1211 3694 causas.
1233 3667 1276 3679 —

315 3740 384 3808 Sed
411 3740 514 3806 iacent
548 3738 640 3804 etiam
670 3740 730 3803 hae
763 3737 921 3803 maximae
954 3762 991 3804 ac
1021 3737 1258 3824 pulcherrimae
1290 3745 1374 3803 artes

273 3857 401 3936 spretae
431 3857 525 3936 atque
547 3856 754 3934 contemptae.
811 3847 885 3928 Qua
905 3847 939 3912 in
961 3869 997 3912 ra
1019 3846 1101 3911 illud
1124 3855 1171 3910 cst
1199 3846 1374 3932 praecipue

274 3956 471 4039 dolendum,
507 3957 592 4044 quod
630 3979 695 4022 non
734 3965 856 4021 tantum
888 3956 1038 4021 illitterati
1074 3956 1157 4020 hanc
1200 3955 1376 4021 doctrinam

274 4075 494 4154 aspernantur,
521 4065 656 4133 sedvel
677 4064 816 4130 maxime
838 4065 975 4131 oderunt
999 4087 1068 4130 eam
1091 4063 1113 4128 ii
1136 4063 1189 4150 qui
1212 4063 1374 4130 doctrinae

330 4280 357 4350 1)
375 4280 428 4333 nn
446 4281 507 4335 ara.
528 4278 568 4334 cf.
586 4279 714 4335 unua.
