3186 5090
777 338 819 404 60

242 530 293 586 tus
315 521 357 588 de
377 522 442 588 Dei
464 523 627 590 voluntate
649 532 681 588 et
701 524 747 592 de
768 524 954 590 aeternitate
977 523 1129 610 cogitans,
1145 523 1257 610 procul
1274 531 1338 587 tan·

242 653 338 716 quam
358 631 392 695 in
412 633 538 698 coelum
560 655 597 698 se
619 633 782 700 sublevat:
816 634 860 698 ita
890 633 1042 699 universa
1069 633 1179 720 politia
1201 655 1260 698 ceu
1284 633 1338 698 do·

240 764 312 806 mus
350 741 507 824 quaedam
543 752 591 808 est
623 741 704 808 mira
732 752 801 807 arte
837 741 987 806 divinitus
1020 740 1178 823 fabricata,
1200 741 1339 828 legibus,

241 849 484 934 magistratuum
507 850 631 931 ordine,
657 851 878 932 contractibus,
905 849 1039 932 iudiciis,
1056 849 1338 936 disciplina,prae·
1457 845 1460 850 ’

241 957 330 1023 sidiis
354 967 481 1024 armata.
505 959 564 1024 His
586 959 668 1047 septi
695 967 727 1024 et
747 959 854 1025 vallati
877 959 976 1024 muris
997 967 1104 1024 tamen
1114 958 1222 1024 Deum
1239 981 1338 1045 agno·

241 1088 332 1133 scere
368 1089 540 1155 possumus
579 1091 616 1134 ae
656 1077 807 1150 statuere,
838 1068 918 1132 hanc
955 1068 1055 1155 ipsam
1088 1067 1242 1154 politiam,
1276 1089 1338 1153 qna

242 1177 323 1240 haec
346 1176 408 1241 vita
432 1176 626 1259 defenditur,
649 1197 721 1242 esse
741 1178 829 1242 velut
851 1177 981 1242 domum
998 1177 1147 1241 diviuitas
1161 1176 1252 1242 nobis
1267 1199 1341 1242 con·

243 1283 355 1350 ditem:
391 1307 452 1350 nec
472 1285 605 1352 interest
632 1285 714 1350 vitae
747 1284 903 1373 spirituali
931 1294 1025 1370 atque
1053 1294 1214 1367 aeternae,
1235 1293 1340 1350 utrum

243 1393 322 1460 haec
343 1394 468 1475 domus,
491 1393 525 1459 id
560 1403 608 1460 est
633 1393 755 1479 politia,
779 1393 819 1458 sit
840 1417 858 1458 a
880 1393 970 1458 Mose
993 1415 1034 1458 an
1063 1394 1102 1460 ab
1125 1393 1195 1458 aliis
1217 1394 1343 1480 legum-

241 1500 405 1583 latoribus,
435 1510 470 1568 ut
490 1501 534 1568 ita
561 1501 674 1584 dicam,
698 1502 858 1584 fabricata,
879 1501 976 1569 modo
1005 1510 1052 1592 ut
1066 1501 1107 1566 sit
1128 1511 1343 1568 consentanea

242 1609 304 1676 iuri
325 1616 474 1694 naturae“
483 1613 520 1697 ¹).

285 1717 405 1784 Contra
424 1741 492 1800 eos,
513 1719 567 1806 qui
589 1720 852 1808 peregrinitatem
874 1720 1019 1786 Romano
1041 1719 1103 1783 iuri
1125 1717 1200 1784 vitio
1219 1719 1342 1801 darem,

242 1827 287 1892 acl
305 1850 455 1915 magnam
477 1829 565 1894 illam
589 1839 772 1896 cunctarum
796 1836 933 1894 aetatum
957 1827 1165 1916 gentiumque
1185 1828 1343 1894 consocia-

242 1937 361 2004 tionem
381 1946 545 2024 provocat,
568 1959 631 2024 qua
651 1937 686 2002 fit
705 1946 740 2002 ut
760 1937 902 2005 omnium
923 1937 1051 2003 labores
1072 1935 1197 2023 prosint
1218 1935 1274 2002 toti
1287 1957 1343 2022 ge·

243 2045 314 2111 neri
337 2046 488 2112 humano.
536 2047 648 2128 ,Quae
671 2046 800 2112 tandem
823 2067 884 2127 ars,
906 2044 1019 2132 iuquit,
1042 2065 1086 2110 ex
1108 2044 1350 2112 liberalioribus

243 2153 307 2219 illis
332 2153 418 2220 domi
441 2155 534 2222 nobis
555 2164 628 2220 nata
649 2155 721 2222 est?
771 2153 915 2235 Litteras,
947 2163 1129 2240 temporum
1151 2153 1343 2235 discrimina,

243 2262 385 2328 siderum
407 2272 493 2328 ortus
517 2271 549 2328 et
579 2249 720 2345 occasus,
749 2262 1035 2344 architectonicam,
1064 2262 1218 2326 musicam
1240 2261 1344 2328 exteri

244 2370 395 2454 docuere,
421 2372 490 2438 sine
513 2395 648 2460 quarum
678 2371 860 2458 cognitione
881 2370 945 2435 vita
964 2371 1062 2458 plane
1084 2393 1194 2436 manca
1215 2381 1280 2438 est:
1310 2371 1344 2436 in

245 2481 360 2568 quibus
391 2480 417 2546 si
447 2481 527 2546 nihil
559 2480 693 2546 offendit
719 2479 944 2568 peregrinitas,
978 2479 1056 2566 quid
1086 2488 1171 2545 vetat
1203 2478 1343 2544 externis

243 2590 373 2676 legibus
395 2590 483 2656 uria<
522 2593 642 2672 ,Vetus
672 2589 725 2656 hic
750 2611 820 2656 mos
850 2597 908 2670 est,
940 2590 979 2654 ab
1015 2588 1344 2676 optimesconstitutis

244 2699 377 2768 urbibus
399 2700 549 2787 exempla
570 2686 712 2786 petere·
745 2697 833 2788 Nihil
857 2696 975 2784 puduit·
1001 2694 1136 2777 Atticos,
1161 2695 1344 2783 Aegyptias

245 2809 397 2894 quasdem
420 2808 514 2892 leges
534 2831 596 2874 usu
620 2828 746 2894 capere,
774 2814 810 2870 ut
831 2805 1018 2872 Herodotus
1045 2813 1189 2870 testatur.
1240 2805 1347 2872 Nemo

244 2917 396 2984 Romanis
417 2917 491 2982 vitio
514 2917 617 2997 vertit,
640 2917 737 3005 quod,
761 2937 859 3004 quum
887 2924 1021 3002 cogeret
1048 2915 1178 3002 publiea
1206 2913 1345 2980 necessi-

246 3035 292 3092 tas
314 3025 408 3113 leges
430 3027 644 3108 conscribere,
657 3025 690 3090 in
714 3024 881 3094 Graeciam
901 3026 1026 3112 legatos
1046 3023 1173 3106 misere,
1196 3023 1250 3110 qui
1270 3023 1348 3088 inde

243 3137 357 3220 legum
375 3134 529 3202 formulas
551 3135 713 3202 adferrent
734 3143 767 3202 et
790 3134 832 3200 de
859 3133 1026 3221 republica
1048 3132 1242 3198 instituenda
1261 3153 1346 3198 sum-

246 3267 316 3336 mos
333 3245 371 3310 in
394 3243 529 3312 Graecia
548 3246 695 3312 homines
719 3245 933 3312 consulerent.
971 3243 1010 3309 ld
1032 3265 1130 3332 quum
1153 3253 1184 3310 et
1207 3242 1345 3310 maiores

246 3355 346 3422 nostri
367 3355 513 3438 fecerint,
536 3376 633 3441 quum
653 3354 816 3422 Romanae
837 3352 1035 3440 reipublicae
1064 3352 1206 3418 instituta
1224 3352 1264 3418 ad
1285 3375 1346 3418 nos

136 3527 140 3534 .
247 3463 418 3545 attulerint,
446 3464 523 3548 quid
553 3485 672 3550 quaeso
699 3471 872 3550 peccarunt
881 3461 915 3528 Ψ(
965 3463 1124 3528 Romanas
1145 3460 1347 3549 potissimum

247 3572 341 3657 loges
376 3571 451 3638 dicit
482 3571 685 3658 dignissimas
713 3570 813 3638 fuisse
843 3592 924 3656 quae
953 3570 1210 3657 importarentur.
1259 3569 1347 3652 ,Hae

249 3680 334 3746 enim
359 3701 401 3746 ex
423 3680 541 3748 notitiis
560 3681 623 3746 illis
647 3680 856 3776 naturalibus,
881 3701 962 3766 quae
982 3688 1056 3745 sunt
1074 3679 1156 3746 radii
1172 3679 1369 3767 sapientiae·

248 3782 373 3856 divinae
393 3789 425 3855 in
448 3789 604 3877 decalogo
629 3789 767 3856 breviter
790 3787 1025 3876 comprehensi,
1048 3790 1131 3856 bona
1148 3806 1348 3873 consequen·

247 3898 290 3965 tia
311 3897 423 3966 ducme
447 3907 530 3964 sunt.
583 3900 761 3968 Romanum
788 3899 839 3964 ius
860 3898 1022 3964 antecellit
1052 3898 1182 3985 legibus
1213 3896 1348 3964 aliarum

249 4110 448 4121 ——a-

304 4239 330 4309 1)
347 4237 387 4292 XI
404 4239 465 4295 911.
484 4237 546 4294 361.
563 4237 590 4292 Χ
607 4237 670 4294 700.
687 4239 748 4296 702.
769 4253 825 4307 seq.
844 4237 884 4292 XI
901 4237 962 4296 358.
981 4253 1039 4306 seq.
