3186 5090
709 343 750 408 75

172 523 318 591 ficiendis
352 526 402 609 iis,
438 549 519 612 quae
547 528 676 594 ineunte
705 526 834 592 saeculo
865 527 960 594 unitis
992 527 1113 592 viribus
1145 522 1282 590 feliciter

173 619 323 722 aggressi
347 644 445 718 erant,
469 637 598 722 publica
619 635 778 702 discordia
799 635 1041 722 impedirentur.
1075 633 1191 718 Neque
1212 639 1278 696 tan·

172 755 240 810 tum
264 745 521 812 adversariorum
553 745 609 810 sed
641 745 734 808 ctiam
765 765 840 808 suae
870 743 966 828 partis
989 751 1119 829 peccata
1140 750 1276 807 accusat.

173 853 228 917 De
250 853 304 940 pio
335 853 472 938 quodam
504 853 693 938 eruditeque
723 853 792 917 viro
823 852 1009 916 iamdudum
1038 850 1103 914 vita
1127 851 1277 914 defuncto

174 963 333 1051 loquenst
352 961 451 1044 „Non
472 962 560 1043 vidit,
584 961 694 1046 inquit,
720 961 850 1026 dissidia
872 961 1059 1046 dogmatum
1081 959 1114 1024 in
1132 959 1277 1041 eeclesia,

173 1093 239 1134 non
261 1070 427 1136 seditiosas
452 1069 702 1156 conspirationes
724 1070 905 1156 principum
930 1069 1084 1134 adversus
1110 1069 1278 1155 imporato-

176 1201 255 1261 rem,
280 1201 345 1242 non
374 1179 619 1264 peregrinarum
647 1179 791 1264 gentium
823 1178 982 1244 exercitus
1011 1177 1044 1242 in
1074 1177 1276 1244 (1111111111.ιι

177 1287 346 1373 Agnoscit,
369 1297 404 1352 ut
424 1287 468 1352 ita
490 1287 601 1369 dicam,
625 1288 738 1374 tragici
761 1287 881 1372 aliquid
915 1288 947 1350 in
968 1285 1017 1352 his
1042 1282 1198 1367 omnibus,
1224 1286 1277 1350 ad·

175 1419 309 1462 monens
331 1396 461 1478 „solere
487 1396 597 1460 fatales
626 1396 814 1460 mutationes
837 1395 983 1460 omnibus
1013 1397 1109 1460 rebus
1131 1394 1277 1459 humanis

176 1504 334 1585 accidere,
359 1525 439 1589 quac
461 1504 606 1570 humanis
629 1491 766 1568 consiliis
789 1503 892 1568 caveri
916 1525 981 1566 non
1003 1503 1159 1589 possint.“
1208 1500 1277 1568 Sed

175 1613 271 1676 simul
291 1611 458 1699 Philippus
481 1614 529 1698 (ut
550 1613 655 1678 uerbis
677 1622 806 1694 ¹utamur
827 1612 1005 1677 Burchardi
1034 1611 1118 1674 illius
1143 1611 1276 1675 11111111-Ι

176 1721 259 1786 11111
292 1720 325 1785 11
350 1721 485 1807 epistola
516 1720 627 1803 obviis,
660 1721 815 1806 quemad
847 1720 1024 1785 Pontamum
1054 1719 1276 1784 cancellarium

174 1829 259 1894 misit
288 1853 305 1896 e
332 1829 615 1896 Ratisbonensibus
640 1829 821 1919 colloquiis)
852 1851 939 1914 „per
970 1828 1034 1892 Dei
1066 1828 1200 1914 gratiam
1223 1849 1276 1892 ve-

172 1940 300 2006 ritatem
323 1940 494 2005 fortissime
515 1944 644 2004 tuetur“
657 1941 695 2027 l).

216 2047 256 2112 111
279 2049 424 2134 profecto
448 2050 576 2114 deesset
598 2047 718 2132 aliquid
738 2047 799 2110 viri
824 2046 939 2110 cruditi
961 2046 1106 2132 imagini,
1120 2045 1183 2110 nisi
1200 2067 1275 2110 eun·

175 2158 249 2224 dem
271 2168 435 2222 strenuum
457 2157 662 2243 evangelicae
694 2155 770 2220 fidei
805 2155 1009 2220 defensorem
1033 2155 1121 2240 quasi
1149 2155 1182 2219 in
1209 2177 1275 2220 me·

176 2264 262 2328 dium
287 2285 483 2330 vocaremus.
527 2263 612 2328 Talis
635 2265 719 2328 bona
740 2263 932 2328 conscientie
953 2263 1053 2326 frctus
1075 2261 1191 2328 Carolo
1216 2263 1274 2326 im·

175 2374 318 2460 peratori
342 2372 464 2438 scribit:
488 2370 616 2456 „Spero
642 2373 751 2436 doctos
775 2381 806 2436 et
828 2374 929 2437 bonos
951 2371 1036 2435 viros
1061 2371 1179 2456 ubique
1199 2394 1274 2457 pro-

175 2485 304 2550 baturos
337 2503 408 2546 esse
441 2502 547 2546 meum
576 2481 754 2562 consilium,
786 2481 872 2566 quod
907 2480 947 2545 de
975 2481 1023 2545 his
1052 2481 1145 2545 tantis
1175 2483 1274 2546 rebus

176 2591 278 2658 acrius
302 2590 461 2672 contendi,
486 2599 579 2675 atque
600 2589 827 2670 intellecturos,
851 2611 903 2654 me
925 2589 958 2654 in
979 2590 1095 2654 haere
1119 2611 1184 2654 non
1199 2590 1273 2654 alie·

174 2701 223 2765 nis
243 2700 408 2767 affectibus
431 2699 489 2764 1111
510 2699 689 2764 necessitati
717 2698 871 2764 ecclesiae
892 2699 1077 2764 serviisse.“
1118 2697 1160 2762 Et
1181 2699 1274 2766 Cam-

174 2809 296 2897 peggio
317 2811 425 2894 legato
446 2808 625 2896 pontificio:
660 2807 775 2890 „Hanc
806 2831 931 2876 causam
960 2809 990 2872 in
1020 2831 1082 2892 qua
1109 2831 1275 2872 versamur

174 2941 240 2983 non
264 2941 432 3004 possumus
459 2917 529 2982 sine
552 2916 677 2982 scelere
699 2917 846 2984 abiicere.
889 2916 1006 2982 Natum
1026 2927 1073 2983 est
1094 2918 1158 2982 hoc
1183 2917 1274 2981 dissi-

178 3028 265 3091 dium
287 3027 375 3091 initio
399 3049 440 3092 ex
468 3025 721 3111 reprehensione
747 3026 947 3112 turpissimae
969 3026 1203 3091 nundinationis
1226 3026 1272 3090 in-

177 3136 423 3222 dulgentiarum.
446 3136 530 3201 Hinc
550 3135 698 3220 pontifex
720 3146 751 3200 et
772 3137 838 3200 cius
861 3136 1012 3201 satellites
1035 3144 1273 3201 concurrerunt.

174 3247 303 3312 Editum
329 3255 376 3310 est
393 3246 515 3310 fulmen
535 3245 879 3334 excommunicationis.
922 3247 975 3309 An
992 3255 1125 3332 proptor
1147 3245 1203 3310 illa
1225 3244 1270 3308 in·

174 3357 256 3420 iusta
277 3354 405 3420 decreta
436 3352 571 3418 dicimur
598 3352 699 3419 avulsi
719 3354 757 3417 ab
789 3352 948 3420 ecclesia?
983 3391 1024 3400 -
1055 3353 1202 3438 Iniquum
1225 3361 1273 3416 est

175 3473 295 3528 tantum
318 3463 474 3548 colligere
504 3483 584 3548 quae
613 3472 721 3528 contra
745 3484 803 3526 nos
828 3461 890 3526 dici
918 3471 1051 3547 possunt
1073 3472 1104 3526 et
1126 3462 1271 3527 dissimu-

176 3572 241 3636 lare
265 3573 393 3636 alterius
427 3573 524 3657 partis
562 3571 646 3636 vitia.
699 3573 748 3635 111
778 3572 978 3657 propemodo
1002 3583 1036 3635 ut
1067 3561 1101 3636 in
1130 3571 1272 3658 apologo

174 3682 269 3765 lupus
298 3681 441 3766 queritur
471 3681 591 3745 turbari
612 3703 723 3765 aquam
750 3681 789 3745 ab
816 3702 875 3758 ove
897 3681 1026 3746 bibente
1049 3701 1090 3744 ex
1120 3681 1271 3746 inferiore

176 3791 314 3856 fluminis
335 3800 444 3878 parte:
480 3790 523 3854 ita
542 3789 716 3856 adversarii
749 3791 838 3856 obliti
871 3813 928 3856 sua
961 3790 1035 3854 vitia
1063 3813 1122 3854 nos
1153 3795 1272 3856 lantum

177 3905 349 3966 accusant.“
368 3900 457 3967 Alibi
478 3901 731 3965 commemoratis
744 3900 793 3982 iis,
815 3923 896 3984 quae
913 3902 1042 3966 ineunte
1063 3902 1173 3968 seculo
1187 3902 1269 3966 inter

175 4008 317 4076 eruditos
340 4008 426 4073 viros
458 4008 573 4094 agitata
605 4017 636 4072 et
664 4018 845 4095 exspectata
876 4018 982 4076 erant:
1011 4008 1079 4092 „si
1099 4009 1158 4076 illa
1176 4032 1272 4076 aurea

173 4171 370 4182 ——--—

226 4247 253 4318 1)
270 4247 310 4302 Xl
331 4247 391 4304 729.
409 4247 447 4303 IV
464 4247 525 4304 727.
543 4246 583 4302 XI
604 4247 685 4302 1016.
702 4246 741 4302 IV
760 4246 823 4303 717.
842 4246 903 4303 317.
