3186 5090
834 347 858 411 4

290 533 395 591 tantae
417 545 469 590 res
493 515 686 591 referendae
709 525 882 609 sunt,iu1·e
903 521 1072 590 universae
1095 524 1290 612 reipublicae
1313 524 1392 591 litte-

290 633 394 700 rariae
416 633 660 700 reformatorem
681 633 891 700 nominamus.

331 741 418 808 Talis
439 765 518 808 vero
541 743 768 808 Melanchthon
789 766 854 809 non
877 746 1046 827 evasisset,
1068 744 1094 810 si
1116 744 1250 810 Erasmo
1271 744 1393 827 similis,

291 853 419 918 scholae
450 854 504 918 vel
532 853 674 940 privatae
705 855 788 918 vitae
821 856 934 921 umbra
965 864 1108 920 retentus
1139 855 1178 920 ad
1206 854 1395 942 gravissima

294 961 491 1050 reipublicae
520 965 659 1049 negocia
688 965 806 1051 pedem
839 989 903 1033 non
932 953 1094 1034 movisset.
1143 968 1226 1034 Nam
1248 968 1287 1032 ad
1313 969 1396 1034 bene

292 1072 494 1138 conflandum
514 1073 676 1139 vinculum
699 1074 781 1138 illud
805 1076 888 1141 vitae
908 1080 939 1141 et
967 1077 1136 1143 universae
1155 1063 1319 1160 scientiae,
1334 1099 1395 1162 quo

290 1183 385 1247 simul
413 1183 491 1249 vera
519 1183 717 1248 diversarum
747 1185 964 1250 doctrinarum
992 1187 1095 1251 unitas
1130 1187 1285 1269 efficitur,
1316 1209 1395 1272 opus

291 1301 358 1356 erat
379 1291 543 1358 luculenta
563 1292 663 1378 ipsius
686 1293 833 1380 publicae
855 1295 938 1360 vitae
953 1296 1193 1378 consuetudine,
1217 1317 1235 1360 e
1257 1317 1395 1360 commu·

289 1401 339 1467 nis
369 1402 477 1466 salutis
510 1401 657 1487 flagranti
691 1403 796 1468 studio
830 1405 983 1490 profecta.
1033 1405 1128 1470 'Hanc
1162 1403 1395 1490 experientiam

292 1512 397 1596 quanti
412 1509 640 1574 Melanehtbon
664 1511 802 1593 duxerit,
824 1511 948 1577 litterae
974 1511 1041 1578 cius
1063 1512 1235 1578 ostendunt
1256 1512 1296 1577 ad
1314 1513 1394 1577 Bur-

291 1619 443 1684 chardum
476 1619 709 1684 Vimericnsem
743 1619 820 1684 iuris
853 1621 1031 1686 consultum
1062 1622 1170 1705 datae,
1202 1621 1255 1708 qui
1283 1631 1396 1708 postea

291 1712 445 1813 dignitate
478 1737 510 1792 et
538 1728 714 1793 honoribus
747 1738 855 1794 auctus
888 1729 1030 1796 Johanni
1061 1729 1227 1795 Friderico
1261 1729 1393 1794 electori

294 1838 426 1923 eiusque
449 1837 516 1902 filio
547 1837 742 1924 gratissimas
764 1837 1098 1924 praeclarissimaeque
1131 1860 1245 1924 operas
1266 1837 1394 1905 navavit

292 1957 324 2012 ct
337 1947 370 2012 in
381 1949 478 2012 rebus
493 1946 676 2012 difficilibus
693 1956 786 2032 atque
801 1947 888 2012 duris
909 1947 1006 2012 fidem
1022 1949 1188 2034 praestitit.
1199 1949 1223 2034 ¹)
1236 1948 1280 2012 ·Is
1299 1931 1398 2035 quum

291 2056 401 2122 relicta
421 2055 582 2121 academia
605 2056 830 2142 Vitebergcnsi
849 2057 890 2121 ad
911 2057 1005 2122 vitam
1025 2057 1159 2122 aulicam
1175 2066 1396 2142 transgressus

289 2165 441 2252 Philippo
465 2187 524 2252 pro
554 2165 692 2252 acceptis
714 2164 897 2246 beneficiis,
919 2165 1094 2250 praecipue
1119 2189 1195 2230 vero
1227 2188 1287 2252 pro
1320 2188 1394 2231 con-

290 2275 460 2341 suetudine
483 2275 625 2360 benigne
651 2297 801 2340 concessa
821 2276 938 2362 gratias
959 2276 1102 2361 egisset,
1123 2277 1177 2341 hic
1206 2276 1396 2341 iucundissi-

292 2407 375 2449 mam
398 2384 458 2450 sibi
479 2384 577 2449 fuisse
598 2383 686 2448 illam
702 2383 905 2468 gratitudinis
928 2383 1194 2470 significationem
1213 2383 1397 2470 respondit;

292 2495 351 2559 etsi
378 2493 462 2558 enim
490 2516 547 2557 sua
574 2514 654 2578 erga
683 2515 756 2557 eum
789 2493 894 2559 officia
923 2494 1046 2559 minora
1075 2494 1193 2559 fuerint
1221 2494 1395 2576 voluntate,

289 2612 396 2669 tamen
425 2602 511 2689 quod
540 2602 663 2668 animus
692 2624 768 2666 suus
798 2603 827 2666 ei
854 2598 1009 2689 probetur
1040 2624 1075 2668 se
1107 2603 1260 2689 gaudere.
1303 2601 1400 2668 Tunc

290 2732 450 2800 pergens:
484 2711 552 2792 ,dc
573 2720 678 2776 cetera
702 2710 842 2796 quidem,
865 2711 974 2797 inquit,
999 2712 1153 2778 beneficia
1176 2712 1260 2776 levia
1280 2719 1311 2776 et
1328 2711 1399 2774 vul·

290 2801 380 2906 garia
400 2821 538 2884 fuerunt.
573 2819 641 2887 Sed
663 2820 689 2883 si
714 2842 908 2903 sermonum,
932 2821 1137 2886 consiliorum
1160 2830 1191 2886 et
1214 2821 1393 2888 sententiae

293 2928 610 2996 communicationem
638 2929 679 2994 de
699 2931 796 2994 rebus
815 2929 974 3012 maximis,
990 2931 1032 2995 de
1058 2930 1279 3016 religionibus,
1299 2953 1398 3019 repu-

290 3039 384 3121 blica,
396 3037 517 3119 litteris,
533 3039 671 3124 denique
695 3038 736 3102 dc
758 3038 904 3106 omnibus
927 3039 1010 3106 vitae
1032 3039 1155 3119 officiis,
1171 3040 1280 3125 magni
1302 3041 1397 3106 aesti-

292 3170 375 3230 mas,
406 3148 507 3213 fateor
529 3169 580 3212 me
610 3155 664 3212 tuo
686 3146 804 3212 iudicio
829 3147 992 3212 delectari.
1043 3147 1126 3213 Nam
1150 3156 1181 3213 et
1201 3148 1396 3236 significatio

289 3256 349 3321 fuit
370 3255 486 3322 amoris
517 3256 631 3320 summi
658 3279 695 3322 ac
721 3257 790 3320 veri
813 3256 1010 3322 consuetudo
1032 3257 1105 3338 illa,
1131 3266 1163 3322 et
1191 3257 1340 3323 existimo
1361 3265 1397 3324 te

290 3387 333 3430 ex
356 3365 394 3428 iis
416 3349 616 3431 sermonibus
643 3374 675 3430 et
694 3365 879 3448 actionibus,
904 3388 1000 3451 quum
1021 3365 1182 3430 interioris
1203 3366 1285 3431 vitae
1303 3389 1397 3432 meac

288 3473 384 3539 totius
407 3482 567 3561 spectator
590 3495 686 3556 essee,
710 3497 775 3539 non
798 3474 901 3538 minus
931 3497 1030 3540 verae
1053 3475 1217 3540 doctrinae
1248 3475 1396 3540 hausisse

291 3605 386 3668 quam
407 3603 449 3647 ex
467 3582 530 3646 illis
548 3582 731 3667 ingentibus
746 3581 948 3647 bibliothecis
971 3583 1284 3666 Iurisconsultorum,
1299 3606 1395 3670 prae-

292 3691 400 3756 sertim
422 3712 517 3775 quum
544 3712 596 3755 me
616 3713 680 3755 non
702 3691 806 3755 solum
828 3690 901 3757 libri
920 3691 1106 3774 erudierint,
1119 3681 1178 3756 sed
1198 3715 1273 3756 usus
1289 3692 1395 3776 edam,

291 3800 363 3886 quia
386 3801 584 3864 interfuimus
608 3799 753 3865 maximis
778 3802 894 3883 rebus,
927 3801 1062 3886 quaein
1088 3811 1227 3866 nostram
1258 3809 1397 3866 aetatem

287 3909 469 3974 inciderunt
500 3909 533 3973 in
556 3907 743 3992 Germania,
769 3918 893 3975 etcum
921 3910 1186 3996 ingeniosissimis
1208 3909 1397 3978 hominibus

288 4018 420 4101 versati,
447 4041 518 4084 eum
549 4018 798 4112 insidiosissimis
829 4019 998 4085 conflictati
1027 4041 1146 4085 sumus.
1192 4018 1326 4101 Quoties
1351 4022 1398 4088 de

344 4256 369 4324 1)
390 4254 429 4308 uf.
449 4254 587 4308 Camerar.
607 4254 665 4308 vita
683 4255 732 4309 Ph.
751 4253 816 4308 Mel.
835 4254 878 4309 ed.
897 4255 967 4326 Hag.
989 4256 1064 4310 Com.
1082 4275 1109 4326 p.
1132 4258 1175 4312 89.
