3186 5090
732 379 771 444 21

196 558 393 624 conferenda
415 566 489 624 est.“
540 558 663 644 ,Leges
692 581 889 645 cognoscere
912 569 960 625 eat
984 581 1181 646 cognoscere
1203 567 1300 626 totam

196 635 559 754 formam⁴reipublioae
613 668 722 748 Quum
743 669 866 734 Atticae
895 668 1026 734 civitatis
1056 677 1109 735 aut
1136 670 1299 736 Romanae

196 777 290 861 leges
314 775 507 862 cogitamus,
534 776 682 842 videmur
705 777 794 862 quasi
817 777 901 843 cives
924 777 1042 842 inillis
1065 777 1143 865 ipsis
1165 778 1298 843 urbibus

144 919 147 924 ·
196 884 316 965 vivere,
328 883 489 949 intuemur
502 884 647 950 ordinem
661 885 914 970 magistratuum,
932 884 1083 973 exempla
1098 885 1295 973 disciplinae,

197 991 416 1057 severissimas
438 991 597 1057 scelerum
615 1014 747 1078 poenas,
763 993 893 1058 consilia
916 992 1166 1059 moderatissima
1187 994 1220 1058 in
1244 1015 1296 1059 se-

199 1101 316 1166 dandis
340 1102 432 1167 bellis
453 1101 621 1168 civilibus“
631 1102 667 1188 l).
712 1102 786 1189 Ipse
807 1103 933 1190 scripsit
953 1102 1217 1186 lucubrationem,
1239 1127 1300 1189 qua

196 1213 289 1298 leges
315 1211 437 1276 Atticas
465 1220 494 1276 et
517 1211 674 1277 Romanas
697 1212 780 1276 inter
811 1233 846 1277 se
878 1213 1079 1299 comparavit.
1132 1213 1224 1278 Bene
1246 1237 1298 1280 co-

195 1320 307 1406 gnovit
329 1319 438 1405 quanti
459 1319 491 1382 in
521 1319 569 1384 his
593 1318 740 1385 omnibus
762 1321 891 1386 labores
913 1319 1173 1406 relinquerentur
1193 1330 1300 1410 poste-

195 1429 256 1494 ris:
281 1428 340 1493 sed

304 1535 362 1602 Est
384 1536 520 1622 quadam
542 1535 674 1623 prodire
697 1545 790 1600 tenus
813 1534 839 1600 si
862 1559 926 1602 non
952 1536 1045 1602 datur
1066 1539 1149 1603 ultra
1158 1539 1199 1625 ²).

237 1645 409 1710 Praeterea
434 1645 525 1710 scriis
549 1645 661 1710 animis
688 1644 721 1708 in
743 1665 782 1709 eo
806 1666 933 1730 quoque
962 1668 1087 1711 summo
1116 1647 1228 1713 labore
1250 1649 1300 1714 ni-

197 1754 330 1819 tendum
353 1777 423 1819 esse
447 1755 538 1835 dicit,
564 1754 654 1819 utin
682 1753 831 1840 legendis
853 1753 955 1841 poetis
981 1754 1113 1842 aliisque
1135 1757 1300 1843 scriptori-

200 1865 258 1928 bus
279 1886 354 1946 non,
377 1864 410 1928 id
434 1863 520 1950 quod
541 1865 650 1950 Inepte
666 1863 814 1928 ludentes
836 1865 943 1928 faeere
964 1865 1096 1946 soleant,
1107 1867 1133 1947 ³)
1152 1866 1299 1952 singulos

193 1971 315 2036 tantum
335 1972 424 2037 locos
448 1982 546 2058 atque
567 1971 738 2037 sententias
761 1979 903 2058 captent,
928 1972 986 2036 sed
1007 1973 1192 2038 universum
1219 1997 1300 2062 opus

198 2079 409 2146 considerent.
463 2081 501 2145 Id
524 2085 710 2169 saepissime
733 2089 851 2162 monet,
878 2079 918 2144 ad
942 2080 976 2145 id
1001 2081 1221 2148 adolescentes
1245 2083 1299 2147 da-

193 2189 232 2253 tis
260 2190 418 2255 librorum
448 2190 646 2277 argumentis
680 2198 711 2254 ct
741 2189 896 2276 imprimis
931 2189 1094 2277 explicatis
1120 2191 1298 2257 orationum

195 2298 332 2364 artificiis
355 2299 445 2385 quasi
467 2322 562 2364 manu
586 2301 705 2364 ducere
727 2300 843 2366 studet.
895 2299 970 2365 Non
1000 2300 1140 2386 negligit
1170 2301 1298 2388 singula

194 2408 365 2494 ingeniose
389 2407 524 2494 dictatu
558 2408 617 2474 sed
647 2429 777 2494 semper
804 2415 934 2472 revocat
961 2406 1101 2472 animum
1131 2408 1171 2472 ad
1202 2418 1298 2474 totam

197 2517 305 2605 operis
337 2524 538 2581 structuram.
582 2517 637 2584 Sic
667 2517 709 2580 dc
738 2515 883 2582 Hesiodo
911 2517 1064 2602 loquens:
1096 2518 1294 2600 „Quantum

192 2630 307 2717 inquit,
320 2640 414 2717 putas
434 2630 555 2695 accedit
572 2630 704 2695 orationi
727 2628 888 2715 gravitatis
909 2628 968 2693 hac
989 2628 1102 2693 auxesi
1116 2649 1221 2716 paene
1236 2636 1297 2692 tra-

193 2739 274 2826 gica,
300 2762 397 2825 quum
419 2761 518 2826 reges
544 2738 755 2824 δωροφάγους
778 2737 944 2825 appellat?
978 2760 1072 2824 quam
1099 2747 1191 2824 grata
1212 2759 1297 2803 com·

191 2848 308 2938 positio
331 2857 378 2913 cst
401 2847 607 2932 χειροδίκαιῖ
650 2848 733 2914 Sunt
753 2847 814 2912 hoo
836 2869 940 2933 genus
964 2856 1136 2912 sexcentae
1158 2846 1294 2934 figurae,

194 2981 272 3045 quas
302 2980 366 3023 non
388 2958 465 3023 libet
485 2958 538 3022 hie
560 2977 759 3037 enumerare,
782 2976 823 3019 ne
846 2955 923 3041 quid
946 2955 1087 3020 amittant
1108 2956 1230 3042 gratiae
1254 2977 1297 3021 ex

193 3069 320 3155 integra
344 3068 485 3133 oratioue
508 3069 596 3132 velut
614 3090 632 3130 a
652 3087 789 3153 corpore
812 3067 955 3130 membra
978 3065 1142 3132 avulsae.“
1190 3065 1231 3130 Et
1252 3066 1294 3130 de

195 3176 416 3241 Demosthene
441 3184 536 3262 atque
561 3175 722 3240 Aeschine
748 3174 781 3237 in
802 3174 1002 3260 praefatione
1030 3174 1070 3238 ad
1094 3196 1205 3239 eorum
1229 3197 1296 3239 ora-

195 3285 447 3372 tiones-scripta
477 3285 556 3350 haec
588 3287 685 3351 verba
717 3285 885 3370 leguntur:
922 3283 1047 3364 „Locos
1074 3282 1220 3352 nonnulli
1244 3282 1298 3347 de-

196 3416 358 3482 cerpsere,
380 3395 468 3459 unde
491 3395 655 3481 specimen
674 3393 803 3480 aliquod
829 3393 1032 3480 eloquentiae
1051 3392 1184 3458 istorum
1207 3415 1299 3479 oupe-

195 3513 301 3582 retum
322 3504 380 3570 sed
397 3505 496 3583 velut,
520 3503 547 3568 si
567 3503 764 3589 praeclaram
783 3510 916 3568 statuam
932 3502 1098 3584 dissolvas,
1118 3523 1298 3588 quanquam

195 3613 270 3678 insit
292 3613 324 3678 in
348 3612 484 3698 singulis
517 3611 669 3676 membris
693 3633 769 3676 suus
806 3610 915 3693 decor,
937 3619 1044 3677 tamen
1073 3610 1179 3676 minus
1213 3611 1298 3676 olore

250 3894 276 3961 1)
294 3892 334 3945 XI
352 3894 411 3947 369.
430 3893 483 3945 XII
503 3895 545 3948 25.
565 3892 600 3946 cf.
618 3891 695 3948 XVII
714 3892 774 3946 678.

252 3987 277 4058 2)
297 3987 337 4042 cf.
357 3987 396 4041 XI
416 3990 476 4042 102,

251 4084 277 4154 3)
295 4084 322 4137 11
341 4087 384 4139 23.

253 4180 279 4250 4)
297 4179 336 4234 uf.
356 4197 425 4250 quae
444 4180 479 4234 ed
504 4179 645 4250 Propertii
668 4179 809 4236 distichon
834 4179 973 4250 quoddam
999 4179 1115 4234 adnotat
1144 4176 1216 4245 XVI,
1235 4175 1298 4232 857.

197 4293 253 4344 seq.
273 4277 334 4332 886.
