3200 5088
787 345 830 410 42

265 527 406 593 hostibus
431 528 546 592 terrori
577 528 625 612 sit,
657 530 774 615 quique
802 549 968 617 opponere
999 529 1246 594 immanissimae
1273 527 1362 614 genti

263 635 459 722 praesidium
492 637 582 701 ausit.
634 636 671 705 Si
699 637 883 704 Fridericus
919 638 974 702 ille
1002 637 1188 719 reviviscat,
1220 659 1285 701 non
1322 637 1363 700 de

264 744 431 830 Hungaria
453 746 612 828 vastando,
635 769 700 811 non
724 747 764 811 de
785 746 934 812 vexanda
956 744 1128 813 Germania
1150 745 1212 810 iam
1237 745 1363 810 barbari

265 852 417 938 cogitent,
440 854 498 918 sed
525 853 566 919 de
586 856 754 921 retinenda
775 855 918 938 Thracia,
950 855 1053 941 deque
1083 854 1161 920 focis
1185 878 1222 920 ac
1243 854 1363 920 laribus
1432 865 1439 876 '

263 961 327 1026 suis
356 962 615 1047 propugnandis:
660 962 817 1048 siquidem
848 961 1046 1029 Germanicis
1077 962 1175 1049 copiis
1211 962 1294 1044 iam,
1329 971 1364 1026 ut

265 1069 323 1134 fuit
344 1069 428 1134 illius
451 1079 482 1134 et
511 1071 656 1136 celeritas
689 1081 721 1136 et
748 1072 925 1157 diligentia,
959 1072 1157 1136 circumsessi
1188 1094 1311 1136 summa
1330 1071 1363 1134 vi

266 1184 551 1265 oppugnarentur“
560 1179 597 1267 1).
612 1217 653 1226 —-
670 1178 721 1242 Ex
737 1180 876 1245 carmine
898 1181 983 1264 quod
996 1179 1222 1244 Melanchthon
1244 1179 1285 1244 de
1300 1181 1363 1243 Ar-

264 1285 362 1350 minio
386 1287 572 1372 composuit,
595 1287 627 1351 bi
647 1309 759 1351 versus
784 1288 873 1373 digni
895 1297 968 1351 sunt
991 1287 1043 1372 qui
1066 1288 1254 1352 afferantur:

324 1392 498 1479 Numquid,
520 1395 577 1460 ubi
598 1395 737 1459 Arminii
759 1394 891 1480 relegis„
916 1393 1098 1477 Germania,
1120 1395 1242 1475 laudes,

389 1502 436 1568 'le
455 1503 554 1590 pudet
575 1512 668 1588 atque
688 1504 809 1568 animos
829 1504 876 1568 ira
898 1503 1055 1588 dolosque
1078 1503 1186 1569 subit?
1215 1541 1252 1552 -

325 1612 478 1678 Dedecus
501 1636 540 1677 an
562 1621 682 1676 tautum
704 1613 825 1678 ferret?
856 1613 1106 1698 Scythicumque
1128 1613 1270 1678 furorem

224 1757 228 1766 ·
313 1757 315 1762 .
389 1720 554 1785 Arminius
577 1722 664 1785 lento
688 1721 785 1785 corde
806 1721 919 1786 videre
943 1721 1061 1806 queat?

324 1828 398 1895 Non
420 1830 525 1894 audax
548 1830 641 1915 signa
662 1829 795 1895 inferret
817 1830 975 1917 pulsoque
999 1830 1123 1895 latrone

389 1937 530 2002 Poneret
550 1939 583 2000 in
606 1936 703 2002 Graio
728 1938 812 2003 clara
833 1947 964 2024 tropaea
984 1937 1054 2002 solo
1065 1938 1082 2000 ‘l

330 2042 576 2132 Oppressasque
599 2045 653 2109 diu
676 2045 768 2130 leges
789 2055 961 2110 renovaret
982 2055 1014 2110 et
1034 2054 1128 2127 artes,

390 2154 566 2240 Antiquum
586 2163 622 2218 ut
644 2152 775 2221 Graecis
796 2155 950 2220 redderet
968 2155 1038 2240 ipse
1060 2154 1227 2241 decus?²)

308 2263 401 2328 Hunc
431 2265 552 2350 patriae
585 2285 726 2329 amorem
758 2264 885 2350 saepius
921 2272 1030 2328 monet
1063 2263 1290 2328 Melanchtbon
1323 2263 1361 2327 ab

266 2372 337 2458 ipso
366 2353 439 2437 Deo
472 2373 611 2437 humano
643 2374 765 2458 pectori
794 2374 920 2438 insitum
946 2395 1026 2437 esse.
1081 2372 1134 2436 De
1167 2393 1204 2436 eo
1237 2393 1365 2456 quoque

265 2481 352 2547 valet
378 2482 464 2566 quod
492 2491 600 2548 contra
623 2481 748 2549 Stoicos
780 2483 865 2565 dicit,
889 2483 1019 2547 affectus
1041 2481 1157 2546 tollere
1180 2503 1251 2547 esse
1273 2491 1362 2546 natu·

265 2612 331 2654 ram
360 2589 522 2674 tolleret).
580 2590 689 2670 Quare
722 2591 749 2654 si
785 2599 878 2677 poeta
909 2611 1104 2676 generosum
1136 2589 1240 2653 virum
1274 2589 1364 2654 velut

266 2697 400 2781 aquilam
424 2697 582 2782 describit,
606 2699 656 2764 cui
679 2699 780 2764 omnis
798 2709 884 2765 terra
904 2700 944 2763 sit
965 2699 1082 2784 patria:

432 2803 516 2881 ἅπας
538 2808 597 2889 μὲν
620 2805 701 2890 ἀνὴρ
724 2805 814 2883 ἀετὸς
836 2808 1020 2893 περάσιμος·

434 2913 544 2978 ἅπασα
567 2916 601 2978 δὲ
622 2913 715 2996 χθών
739 2915 832 3002 ἀνδρὶ
851 2918 982 3002 γενναίῳ
1006 2915 1120 3000 πατρίς
1140 2955 1183 2966 -

267 3022 349 3088 hanc
375 3022 445 3108 ipse
475 3024 517 3088 ait
548 3025 647 3091 ferrei
676 3026 772 3090 animi
804 3048 915 3092 vocem
944 3047 1013 3090 csse
1043 3047 1148 3110 neque
1178 3035 1266 3090 recte
1295 3023 1366 3088 fieri

269 3133 468 3198 collationem
490 3133 577 3198 illam
606 3135 743 3199 hominis
777 3159 848 3200 cum
870 3136 983 3220 aquila,
1006 3157 1064 3199 nos
1096 3134 1180 3200 enim
1203 3135 1244 3200 ad
1267 3133 1366 3198 socle-

267 3251 363 3307 tatem
386 3265 456 3308 esso
477 3245 613 3328 natos4).
643 3243 685 3309 Ut
705 3266 782 3308 vero
805 3245 910 3308 nativa
933 3253 1103 3330 parentum
1127 3233 1204 3328 erga
1227 3244 1367 3330 pignora

267 3351 366 3438 pietas
389 3352 624 3418 Melanchthoni
657 3355 745 3438 quasi
773 3351 913 3438 signum'
931 3362 963 3418 et
997 3375 1151 3439 expressa
1179 3353 1286 3438 imago
1321 3359 1368 3417 est

250 3460 353 3525 ¹illius
382 3463 508 3544 amoris,
541 3483 603 3546 quo
633 3462 722 3543 Deus
757 3463 858 3526 filium
889 3486 980 3527 suum
1011 3473 1042 3528 ct
1070 3463 1274 3549 redemptum
1308 3483 1368 3548 per

326 3646 351 3715 1)
370 3643 409 3696 XI
427 3642 488 3698 377.
510 3658 567 3710 seq.
608 3707 610 3710 ,

321 3737 347 3807 2)
363 3737 441 3792 XVII
460 3740 520 3792 637.
541 3754 596 3805 seq.
615 3737 675 3790 Hoc
688 3752 799 3790 carmen
816 3733 925 3790 addidit
937 3735 1134 3790 Melanchthon
1147 3736 1220 3790 libro
1233 3736 1324 3793 Taciti
1334 3738 1369 3794 de

270 3833 417 3886 Germania
426 3833 612 3888 ctHuttenico
629 3833 747 3902 dialogo,
759 3831 806 3900 qui
817 3830 960 3884 Arminius
973 3831 1144 3900 inscribitur,
1152 3832 1267 3888 iunctim
1279 3833 1368 3888 editis.

322 3929 347 3998 3)
365 3928 417 3981 XII
438 3931 498 3983 510.

324 4025 351 4095 4)
368 4023 440 4095 Epp.
459 4025 501 4079 ed.
519 4025 608 4079 Lond.
626 4025 674 4079 lib.
695 4024 786 4080 11183
804 4043 831 4094 p.
846 4026 907 4080 550.
926 4024 980 4078 use
997 4025 1115 4095 epistola
1135 4026 1171 4080 ud
1191 4025 1369 4096 Gruolgerum

268 4121 380 4191 scriptu,
408 4120 467 4175 sine
490 4121 535 4174 die
560 4124 590 4174 et
613 4137 693 4188 anno,
716 4120 765 4174 sed
789 4120 848 4174 sine
866 4119 951 4174 dubio
971 4137 1006 4174 ex
1029 4120 1096 4190 fuga
1119 4137 1142 4176 a.
1163 4122 1232 4176 1547
1257 4121 1370 4191 scripta.

268 4218 355 4273 Deest
375 4221 507 4288 quantum
526 4215 607 4272 rideo
625 4216 655 4270 in
672 4215 795 4285 Corpore
815 4215 1047 4271 Reformatorem.
