3186 5090
728 341 770 406 33

198 521 280 587 fama
302 545 339 588 ac
360 521 458 587 titulis
480 544 516 588 se
540 523 582 588 ad
601 523 757 610 populum
777 525 950 608 venditant,
975 549 1073 612 quum
1093 529 1223 615 quidem
1244 551 1297 596 eas

195 629 281 717 ipsas
309 639 402 714 artes,
436 653 512 717 quas
542 633 742 720 profitentur,
772 633 840 699 sine
867 635 928 700 hae
954 645 1044 721 parte
1074 636 1297 726 philosophiae

196 739 280 803 tueri
301 739 390 805 nullo
413 740 509 805 modo
528 742 672 828 possint“
685 744 723 829 ¹).

239 855 339 936 ,Quis
363 868 410 922 est
432 868 495 923 tam
518 860 652 941 ferreus,
678 861 819 946 quemsi
842 861 875 926 in
903 861 1024 926 theatro
1046 862 1174 944 sedeat,
1200 885 1296 949 quum

195 951 267 1031 ludi
295 967 389 1049 fiunt,
425 989 490 1033 non
523 968 693 1054 aliquando
725 970 861 1036 incessat
893 971 1057 1058 spectandi
1088 973 1232 1058 cupido?
1266 984 1297 1039 et

197 1096 293 1159 quum
328 1075 452 1140 nullum
487 1077 715 1163 spectaculum,
751 1079 832 1143 nulli
861 1079 930 1144 ludi
952 1079 1024 1166 plus
1054 1080 1223 1167 voluptatis
1245 1093 1298 1147 aut

196 1183 336 1248 utilitatis
371 1185 500 1251 adferre
533 1187 702 1272 spectatori
726 1189 850 1274 possint
878 1211 971 1274 quam
991 1189 1072 1254 haec
1092 1199 1223 1256 naturae
1245 1213 1297 1256 va·

197 1294 294 1358 rictas
300 1342 310 1375 ,
334 1293 412 1359 mihi
438 1295 555 1359 rectius
577 1296 650 1360 viva
677 1296 832 1362 cadavera
862 1320 953 1383 quam
981 1297 1126 1362 homines
1149 1298 1298 1363 videntur

196 1403 382 1489 appellandi
409 1403 452 1484 hi,
480 1403 532 1488 qui
556 1426 660 1490 neque
683 1414 824 1470 mentem
847 1427 952 1490 neque
976 1405 1085 1471 oculos
1109 1406 1149 1471 ad
1168 1416 1298 1474 naturae

196 1511 485 1577 considerationem
516 1523 731 1578 convertunt.“
786 1515 999 1592 „Aedilicium
1032 1515 1169 1581 hominis
1199 1517 1297 1603 aspici

198 1627 334 1706 oportet.
387 1620 543 1685 Videmus
566 1621 709 1706 singulas
742 1632 847 1709 partes
877 1623 917 1687 ad
939 1623 1083 1688 ordinem
1107 1633 1137 1688 et
1164 1624 1297 1689 modum
1398 1685 1413 1706 ,

197 1737 319 1794 eertum
346 1730 442 1794 factas
465 1752 545 1795 esse.
559 1769 602 1779 -
624 1719 691 1795 Vos
711 1731 865 1797 adhortor
886 1731 999 1796 utiam
1023 1741 1146 1798 mentes
1170 1742 1296 1798 vestrae

194 1837 300 1924 ipsum
320 1839 483 1902 hominem
505 1839 697 1920 intueantur,
729 1842 813 1905 etin
842 1841 979 1927 partium
999 1841 1179 1907 substantiis
1206 1841 1295 1907 dissi-

195 1947 411 2012 militudinem
433 1949 702 2035 contemplamini.
746 1937 817 2016 Stat
839 1951 963 2016 cerebri
985 1950 1147 2037 fastigium
1173 1962 1204 2015 et
1224 1975 1297 2016 suas

194 2057 290 2123 habet
315 2057 462 2124 cavitates
497 2058 663 2145 spirituum
693 2059 805 2147 plenas
833 2059 971 2145 perinde
1005 2069 1039 2124 ut
1073 2061 1136 2126 hoc
1171 2061 1295 2126 eoelum

194 2165 338 2232 ambiens
360 2166 479 2231 molem
500 2167 656 2252 reliquam
681 2168 873 2232 universam.
909 2166 1030 2232 Natura
1052 2168 1146 2233 etiam
1169 2170 1294 2234 cerebri

193 2275 304 2340 similis
329 2286 377 2340 est
400 2276 540 2342 coelesti.
583 2275 625 2340 Et
646 2277 726 2342 fiunt
755 2277 788 2342 in
812 2299 849 2342 eo
880 2277 1019 2342 actiones
1042 2278 1216 2360 mirandae,
1246 2301 1296 2344 co·

194 2383 307 2470 gnitio,
330 2385 534 2468 ratiocinatio,
567 2386 763 2452 conservatio
792 2385 968 2472 imaginum
996 2387 1029 2450 in
1059 2387 1222 2469 memoria,
1247 2410 1296 2452 re-

195 2495 346 2559 cordatio.
400 2493 475 2559 Non
506 2493 587 2560 coeli
622 2495 751 2582 puritas,
786 2517 851 2559 non
884 2495 1048 2559 stellarum
1078 2493 1197 2580 fulgor,
1232 2517 1296 2560 non

194 2603 271 2668 solis
295 2603 419 2669 claritas
442 2603 539 2669 vincit
568 2603 651 2669 hanc
673 2604 860 2669 flammam.t
913 2603 998 2682 „Sua
1023 2603 1136 2688 cuique
1164 2612 1296 2668 naturae

194 2713 415 2799 propriissime
436 2714 517 2779 aetio
539 2711 767 2800 iucundissima
790 2721 852 2793 est3
887 2721 921 2776 ut
949 2733 1028 2776 nare
1055 2711 1205 2797 piscibus,
1229 2734 1295 2776 mo-

195 2821 298 2886 dulari
319 2821 482 2904 lusciniae,
504 2822 547 2886 ita
567 2823 712 2886 homines
735 2842 853 2908 magna
875 2821 1038 2907 voluptate
1058 2820 1140 2885 affici
1162 2843 1294 2886 necesse

195 2939 252 3012 est,
277 2953 375 3016 quum
395 2940 539 2996 naturam
563 2939 660 2996 totam
682 2952 790 2995 rerum
812 2929 1000 3015 adspiciunt,
1025 2951 1123 3014 quum
1144 2950 1293 2994 numero-

193 3059 266 3102 rum
302 3048 334 3102 et
365 3040 619 3127 magnitudinum
651 3039 875 3125 proportiones
911 3037 1167 3125 deprehendunt,
1200 3059 1296 3122 quum

193 3148 304 3212 vident
324 3149 430 3213 omnia
452 3157 536 3213 certa
556 3149 632 3233 lege
655 3147 782 3214 condita
803 3168 885 3228 esse,
907 3156 941 3210 ut
960 3169 1021 3210 nos
1044 3146 1085 3210 de
1108 3145 1292 3211 Architecto

195 3257 396 3326 admoneant.
452 3255 505 3320 Ad
533 3258 617 3322 hanc
645 3257 934 3322 considerationem
966 3277 1062 3340 quum
1093 3254 1157 3318 nati
1186 3253 1295 3335 simus,

193 3387 327 3430 neeesse
351 3373 400 3430 est
422 3386 491 3428 eam
517 3363 670 3450 voluptati
700 3385 770 3429 esse
803 3385 868 3428 non
895 3362 1115 3443 monstruosis,
1145 3384 1211 3426 non
1234 3362 1295 3426 dis·

153 3593 157 3604 ‘
193 3581 339 3646 homines
369 3581 428 3645 sed
457 3581 587 3645 suillum
619 3603 717 3668 pecus
750 3601 831 3662 esse,
869 3580 1048 3665 quicunque
1079 3577 1169 3643 nullo
1201 3576 1295 3641 huius

193 3689 268 3754 artis
289 3691 395 3754 studio
415 3699 573 3755 tenentur.
625 3689 664 3754 Et
692 3689 792 3754 sensit
819 3687 977 3771 Manilius,
1001 3687 1157 3774 quandam
1182 3686 1294 3751 divini-

194 3799 264 3864 tatis
299 3799 538 3880 similitudinem
572 3821 652 3881 esse,
686 3799 813 3864 illarum
840 3821 950 3863 rerum
981 3797 1123 3862 notitiam
1152 3797 1296 3883 potuisse

195 3907 375 3994 consequi.“
423 3907 614 4004 ,perhanc
644 3907 875 3989 educationem,
900 3906 983 3971 hanc
1004 3904 1213 3990 disciplinam,
1238 3925 1295 3970 seu

200 4017 327 4081 facilem
347 4038 405 4082 seu
428 4016 601 4100 difficilem,
623 4017 672 4081 ire
694 4038 827 4081 necesse
852 4023 908 4095 est,
929 4036 991 4079 nec
1012 4014 1057 4079 fas
1080 4023 1137 4099 est,
1157 4023 1192 4078 ut
1211 4013 1299 4078 idem

248 4231 274 4302 1)
294 4231 320 4284 x
338 4234 399 4286 ecc.

1078 4333 1095 4387 a
