3186 5090
795 365 836 428 44

263 545 327 610 vita
358 543 579 610 coniunctione
596 544 774 630 'perveniri
808 566 905 632 posse
936 545 1034 631 idque
1066 544 1159 610 simul
1193 545 1234 611 ad
1267 545 1366 632 ipsius

170 725 173 732 ⁴
263 653 345 718 vitae
372 652 602 739 perfectionem
632 674 701 717 esse
723 653 949 734 necessarium,
993 652 1083 718 Haec
1106 652 1149 717 ita
1173 653 1266 720 nobis
1293 662 1367 718 sunt

262 762 485 844 explananda,
511 771 547 826 ut
589 785 641 828 eas
675 763 886 826 universitatis
919 763 1089 828 litterariae
1113 752 1242 850 'partes
1281 784 1362 848 quae

263 870 457 956 theologiae,
490 871 772 958 iurisprudentiae,
804 871 982 936 medicinae
1011 871 1192 936 nominibus
1222 893 1365 958 compre·

262 979 464 1059 hendnntur,
496 988 604 1044 mente
639 1000 873 1064 percurramus.
931 979 998 1043 Iam
1030 961 1209 1044 audivimus
1242 979 1361 1044 Melan·
1460 1061 1464 1070 ,

265 1088 434 1152 chthonem
464 1087 633 1168 dicentem,
657 1086 695 1150 iis
718 1109 799 1170 quae
827 1087 911 1174 apud
934 1087 1141 1152 Aristotelem
1164 1087 1366 1152 inveniantur

265 1195 351 1280 quasi
372 1195 532 1280 fastigium
552 1194 675 1280 imponi
696 1221 713 1260 a
734 1195 962 1262 iurisconsultis
985 1205 1017 1261 et
1032 1195 1183 1277 medicis3
1202 1196 1290 1261 idem
1306 1197 1366 1262 alia

265 1325 307 1369 ex
329 1313 420 1390 parte
440 1327 458 1368 a
478 1304 639 1389 theologis
660 1304 733 1369 fieri
754 1305 868 1370 statuit.
911 1305 992 1368 Inde
1014 1305 1231 1370 exordiamur.

307 1411 474 1497 Quidquid
496 1413 565 1478 veri
589 1422 683 1498 atque
713 1414 811 1478 divini
841 1414 997 1480 humanae
1027 1423 1110 1479 artes
1134 1422 1228 1498 atque
1251 1413 1365 1479 doctri-

264 1543 324 1586 nae
337 1530 582 1605 consequuntur,
595 1521 628 1586 id
639 1521 865 1587 Melanchthon
880 1521 979 1607 Legis
994 1523 1120 1589 nomine
1134 1522 1365 1608 complectitur.

263 1629 302 1696 In
321 1628 472 1694 universa
499 1651 607 1694 rerum
630 1639 750 1712 natura,
772 1631 805 1694 in
824 1632 981 1696 humanae
1004 1633 1161 1697 societatis
1185 1631 1299 1696 ordine
1322 1640 1365 1695 at-

266 1760 327 1823 que
350 1738 509 1820 institutis,
529 1739 563 1802 in
582 1739 831 1824 uniuscuiusque
860 1739 1008 1822 hominis,
1043 1741 1084 1804 ad
1105 1739 1170 1805 Dei
1192 1740 1365 1825 imaginem

266 1847 371 1928 creati,
400 1846 519 1929 indole,
551 1870 623 1911 oum
650 1847 682 1910 in
713 1869 849 1932 corpore
880 1856 946 1911 tum
976 1848 1009 1911 in
1036 1848 1148 1930 anima,
1173 1848 1234 1913 lex.
1262 1848 1369 1912 divina

264 1954 428 2020 manifesta
445 1963 501 2037 est,
523 1954 610 2020 cuius
634 1954 722 2040 quasi
742 1955 848 2020 radios
874 1977 963 2020 mens
986 1965 1103 2038 nostra,
1120 1957 1196 2020 dum
1212 1977 1247 2020 se
1264 1955 1366 2040 ipsam

267 2065 472 2129 otmundum
496 2063 736 2150 contemplatur,
761 2065 793 2128 in
815 2087 914 2129 unum
937 2064 1068 2150 colligit.
1098 2065 1239 2150 „Magna
1262 2072 1367 2130 autem

268 2173 405 2258 dignitas
427 2183 475 2238 est
492 2174 640 2257 hominis,
666 2174 752 2258 quod
773 2183 896 2239 mentes
917 2175 1074 2238 humanae
1090 2182 1163 2238 sunt
1183 2174 1271 2238 velut
1292 2182 1365 2259 spe-

267 2282 382 2365 culum,
402 2282 434 2346 in
457 2305 519 2369 quo
542 2284 646 2370 fulget
661 2284 816 2371 sapientia
827 2283 902 2365 Dei,
918 2282 1068 2348 videlicet
1083 2281 1237 2367 sapientia
1251 2281 1364 2366 legie.“

266 2389 307 2455 Et
328 2390 397 2475 ipsa
415 2391 634 2478 philosophia,
658 2392 798 2456 omnium
824 2392 936 2456 arturm
960 2389 1240 2475 doctrinarumque
1264 2390 1367 2454 eonci-

266 2499 373 2567 liatrix
398 2511 429 2564 et
448 2501 616 2586 interpres,
639 2523 735 2564 seusu
761 2500 895 2586 quodam
926 2521 1023 2583 „pars
1049 2507 1096 2563 est
1117 2497 1200 2584 legis
1224 2497 1368 2589 divinae3

269 2618 316 2674 est
349 2610 434 2673 enim
465 2611 534 2696 ipsa
564 2611 620 2674 lex
652 2619 782 2674 naturae
814 2613 853 2676 ab
887 2589 1152 2693 ingeniosissimis
1185 2605 1367 2672 hominibus

268 2719 488 2786 animadversa
516 2729 609 2803 atque
642 2718 756 2783 ordine
790 2718 979 2802 explicata.“
1039 2714 1139 2800 Caute
1170 2736 1247 2780 vero
1280 2713 1368 2780 addit

266 2830 457 2912 „sciendum
492 2851 573 2911 esse,
608 2829 846 2916 philosophiam
881 2850 952 2894 esse
986 2849 1050 2891 non
1084 2849 1194 2893 omnes
1228 2828 1369 2892 omnium

256 2924 447 3024 opiniones,
477 2939 536 3003 sed
575 2948 673 3004 certas
703 2937 838 3019 notitias,
874 2959 955 3022 quae
987 2937 1049 3002 sint
1081 2934 1367 3023 demonstrationes

269 3058 322 3114 aut
353 3067 461 3113 earum
496 3049 649 3130 membra,
683 3047 716 3112 id
749 3056 806 3130 est,
839 3047 996 3135 principia
1029 3047 1083 3111 vel
1116 3045 1372 3111 conclusiones.“

269 3159 379 3243 ltaque
403 3157 487 3238 dicit,
512 3179 585 3222 eum
609 3157 660 3242 qui
690 3157 722 3221 in
750 3157 847 3223 sacris
877 3157 1041 3243 scripturis
1074 3155 1244 3220 discrimen
1267 3153 1366 3238 Legis

271 3277 303 3333 et
322 3266 493 3352 Evangelii
514 3266 682 3352 intelligat,
705 3266 798 3332 facile
824 3266 1036 3332 iudicaturum
1059 3286 1130 3330 esse
1149 3263 1250 3348 „quid
1272 3263 1368 3327 iuter-

269 3377 309 3442 sit
330 3377 414 3440 inter
435 3375 673 3461 Philosophiam
703 3385 734 3440 et
755 3373 993 3460 Evangelium“
1002 3375 1037 3458 ¹).
1086 3371 1214 3438 Etenim
1234 3373 1290 3437 lex
1315 3394 1369 3436 na·

270 3484 380 3549 turalis
400 3484 432 3548 vi
457 3494 487 3548 et
503 3486 617 3548 effectu
634 3467 771 3569 legis'in
792 3483 892 3548 veteri
908 3492 1094 3548 testamento
1119 3481 1279 3546 revelatae
1298 3501 1370 3546 eou-

270 3593 380 3658 similis
404 3601 460 3657 est.
516 3592 671 3678 Proponit
698 3591 819 3657 homini
848 3593 984 3676 aliquam
1012 3590 1078 3656 Dei
1109 3590 1252 3654 notitiam
1276 3589 1369 3674 eique

272 3702 446 3768 obediendi
466 3702 618 3768 debitum.
669 3701 765 3768 Hunc
788 3702 871 3766 enim
895 3702 991 3766 finem
1015 3721 1085 3765 esse
1107 3702 1264 3764 humanae
1287 3699 1371 3762 vitae

271 3811 468 3897 aliquatenus
496 3812 590 3876 etiam
618 3811 803 3899 philosophi
835 3801 1066 3896 cognoverunt.
1121 3809 1252 3891 „Marus
1284 3808 1373 3871 furor

273 3931 321 3986 est
339 3921 444 4005 palam
465 3921 579 3986 tollere
600 3922 685 3985 hune
704 3923 813 4002 finem,
831 3921 919 4006 quasi
942 3941 982 3983 ex
1006 3927 1118 3984 natura
1139 3917 1243 3983 deleri
1262 3914 1371 4003 possit,

272 4137 472 4148 ——u—-

255 4291 258 4297 ·
324 4267 350 4337 1)
370 4265 410 4322 cf.
429 4265 464 4321 aa
481 4264 524 4320 aa
540 4263 613 4335 xvv,
632 4265 746 4321 ar-aa
