3186 5090
804 377 847 442 30

281 559 479 642 coelestium,
504 562 558 648 qui
583 561 732 628 divinitus
755 563 890 632 ordinati
911 573 999 645 sunt,
1023 564 1065 630 ite
1093 565 1297 654 philosophia
1316 589 1382 633 mo-

279 668 356 734 ralis
379 678 427 734 est
451 669 591 756 cognitio
613 680 767 753 motuum,
791 671 943 738 videlicet
966 697 1130 740 causarum
1152 684 1183 740 et
1200 677 1381 758 effectuum,

279 801 360 864 quos
380 779 473 846 Deus
497 781 654 848 ordinavit
676 781 709 845 in
730 790 839 848 mente
855 782 1010 850 hominie“
1022 786 1060 869 1).
1085 785 1181 866 Quod
1196 807 1275 851 vero
1289 787 1383 871 leges

275 889 412 956 morales
436 913 500 955 non
524 913 627 978 aeque
649 915 686 956 ac
706 891 800 978 leges
818 893 973 979 physicae
994 902 1100 960 certae
1121 904 1216 981 atque
1230 895 1383 962 indubiae

277 1020 349 1064 esse
371 999 479 1064 multis
501 999 678 1081 videantur,
702 1001 735 1066 id
755 1001 966 1068 derivandum
984 1003 1058 1069 dicit
1072 1025 1114 1068 ex
1128 1004 1259 1070 dissidio
1279 1005 1312 1069 in
1327 1005 1383 1070 ho-

277 1109 415 1174 minibus
428 1110 595 1175 manifesto
608 1111 722 1176 mentis
733 1120 764 1176 et
775 1111 992 1199 cupiditatum,
1006 1135 1089 1198 quae
1098 1113 1225 1178 vincula-
1239 1123 1270 1178 et
1277 1136 1382 1179 carce·

275 1240 346 1284 rem
362 1239 461 1303 aegre
484 1218 644 1306 patiantur
662 1228 693 1284 et
704 1220 818 1286 mentis
836 1221 954 1286 iudicio
968 1221 1178 1287 audacissime
1193 1223 1382 1288 reclament.

279 1325 513 1394 Contumeliam
534 1349 612 1393 vero
629 1351 701 1396 esse
714 1329 869 1396 adversus
883 1331 1002 1412 Deum,
1019 1331 1045 1396 si
1059 1330 1129 1417 quis
1142 1331 1246 1396 luceru
1263 1331 1381 1397 discer-

280 1445 409 1502 nentem
430 1437 563 1502 honesta
587 1446 617 1502 et
627 1438 740 1525 turpia,
755 1438 886 1503 inditam
902 1439 1061 1505 mentibus
1084 1439 1200 1506 nostris
1222 1440 1381 1522 divinitus,
1423 1438 1430 1472 ²

280 1569 337 1612 seu
360 1547 515 1635 principia
536 1549 671 1635 practica
694 1557 725 1614 et
739 1548 1025 1614 demonstrationes
1047 1550 1202 1636 practices
1227 1550 1305 1614 velit
1327 1549 1380 1614 de·

224 1690 226 1695 ·
279 1657 348 1722 lere
370 1659 492 1725 sublata
522 1658 720 1724 certitudine.
771 1658 863 1740 ,Non
892 1659 977 1724 dicas
1007 1659 1122 1724 falsum
1154 1658 1381 1742 testimonium,

279 1768 381 1854 inquit
402 1791 467 1833 vox
490 1767 611 1832 divina:
634 1791 700 1833 non
723 1768 920 1834 delectemur
944 1769 1133 1858 corruptelis
1154 1768 1305 1851 veritatis,
1320 1791 1382 1834 nec

277 1899 466 1964 quaeramus
489 1879 679 1966 praestigias
702 1879 742 1942 ad
768 1901 835 1944 eam
860 1880 1063 1945 eludendam.
1115 1879 1158 1946 Ut
1188 1901 1279 1944 mena
1312 1879 1381 1966 ipsa

278 2011 336 2052 sua
357 1989 430 2054 luce
453 1989 554 2054 cernit
573 1990 654 2054 hanc
675 1989 926 2076 propositionem
946 2012 1065 2071 veram,
1083 1999 1202 2056 certum
1225 1999 1255 2054 et
1270 1990 1381 2055 immo-

279 2106 342 2161 tam
365 2119 455 2162 esse:
479 2097 534 2162 Bis
559 2107 694 2184 quatuor
715 2106 788 2163 sunt
812 2108 892 2180 octo,
918 2099 963 2163 sio
983 2120 1070 2179 vera,
1094 2107 1178 2164 certa
1201 2107 1232 2163 et
1252 2099 1381 2164 immota

277 2215 327 2271 est
347 2207 427 2272 haee
449 2207 619 2274 sententia:
644 2206 847 2274 Adulterium
870 2216 918 2272 est
939 2217 1034 2294 turpe
1059 2217 1091 2272 et
1112 2207 1337 2295 vitandom“²).

319 2315 478 2384 Scientiae
499 2317 653 2404 physicae
678 2317 916 2403 investigandos
937 2317 1046 2382 tribuit
1067 2341 1187 2396 causas,
1219 2327 1251 2381 et
1282 2317 1379 2384 elfici-

277 2434 367 2491 entes
391 2449 473 2513 quae
495 2427 651 2508 dicuntur,
677 2436 708 2491 et
729 2426 850 2492 finales.
885 2428 995 2509 Quare
1016 2427 1156 2512 quodam
1182 2449 1279 2492 sensu
1302 2427 1377 2492 oriri

276 2557 318 2600 ex
339 2535 394 2602 illa
418 2536 592 2602 doctrinam
613 2538 767 2602 moralem
790 2536 948 2623 perhibet.
1004 2536 1093 2604 Siout
1123 2536 1207 2602 enim
1241 2537 1274 2602 in
1310 2536 1378 2601 aliis

273 2647 370 2712 rebus
403 2653 435 2710 et
467 2644 676 2712 animantibus
709 2645 891 2710 necessario
924 2645 1144 2732 quaerendum
1176 2644 1215 2710 sit
1244 2645 1284 2711 de
1314 2645 1378 2710 fine

278 2775 336 2820 seu
358 2753 398 2818 de
420 2777 483 2818 usu
507 2775 564 2818 seu
588 2753 628 2819 ad
660 2775 755 2840 quem
780 2778 875 2820 usum
897 2755 959 2819 siut
990 2776 1043 2820 res
1075 2753 1229 2836 conditae,
1261 2754 1302 2818 ita
1338 2754 1378 2819 de

276 2864 415 2928 humano
439 2883 563 2948 genere
588 2863 727 2927 maximo
749 2863 970 2948 quaerendum
992 2885 1073 2943 esse,
1106 2862 1145 2927 ad
1169 2885 1263 2948 quem
1285 2885 1379 2927 usum

279 2980 310 3034 et
329 2969 427 3036 finem
446 2973 526 3036 haec
544 2980 710 3058 praestans
734 2980 846 3036 nature
868 2970 993 3040 condito
1015 2971 1063 3036 sit.
1107 2971 1199 3036 Hane
1222 2972 1379 3058 quaestio·

277 3103 352 3146 nem
376 3080 417 3145 de
446 3080 510 3146 fine
545 3103 617 3146 esse
647 3081 770 3146 initium
791 3080 1014 3167 philosophiae
1036 3080 1175 3146 moralis.
1211 3121 1245 3132 -
1281 3081 1380 3146 Recte

279 3189 403 3258 Stoicos
427 3189 559 3273 dixisse,
584 3200 688 3255 cetera
717 3189 880 3255 hominum
904 3213 996 3256 causa
1016 3211 1087 3255 esse
1119 3190 1252 3271 condita,
1279 3190 1379 3255 homi-

277 3321 335 3366 nes
359 3321 438 3366 vero
457 3300 603 3366 Deorum
627 3301 771 3381 causa-Im
795 3299 945 3364 nimirum
967 3308 1002 3363 ut
1017 3299 1192 3366 innotescat
1207 3300 1299 3364 Deus
1321 3321 1381 3386 per

276 3407 432 3491 homines,
458 3418 494 3474 ut
526 3409 665 3474 societati
698 3411 856 3474 humanae
888 3417 1087 3496 proponatur
1118 3409 1228 3474 notitia
1257 3408 1320 3472 Dei
1351 3416 1382 3472 et

277 3515 402 3582 iustitia.
433 3517 526 3582 Idem
549 3516 672 3582 moneri
703 3526 734 3580 et
755 3526 921 3604 poetarum
944 3516 1116 3598 sententiis,
1141 3517 1243 3603 qualis
1266 3517 1320 3581 illa
1343 3515 1383 3580 sit

278 3647 372 3711 quam
392 3647 434 3689 ex
456 3626 556 3691 Arato
579 3626 652 3691 citet
674 3625 793 3690 Paulus
814 3626 846 3689 in
870 3624 958 3690 Actis
966 3623 1004 3712 4).

319 3733 413 3821 Ipsae
443 3734 608 3821 physicae,
642 3743 797 3820 quotquot
830 3742 935 3814 eraut,
968 3732 1129 3798 doctrinae
1165 3739 1200 3796 ut
1229 3731 1383 3798 florerent

286 3907 483 3918 n—-——-....

332 3998 357 4068 1)
379 3997 408 4052 0.
430 3997 463 4050 R.
482 3996 522 4050 XI
540 3999 599 4052 912.
615 3995 668 4050 XII
686 3999 747 4053 690.

334 4093 360 4164 2)
379 4093 407 4147 Ο.
426 4093 459 4146 R.
480 4093 544 4147 XVI
561 4097 586 4148 9.

334 4189 360 4260 3)
381 4189 523 4258 Chrysipp.
545 4188 619 4258 apud
638 4187 772 4256 Porphyr.
794 4187 829 4241 de
847 4188 918 4241 abst.
937 4187 1047 4257 111,20.

332 4285 359 4358 4)
379 4285 407 4338 C.
427 4285 460 4338 R.
479 4284 543 4338 XVI
561 4284 604 4340 28.
624 4287 666 4340 29.
