3186 5090
743 354 764 418 3

199 554 280 618 gere
301 532 362 598 nisi
384 539 467 596 snut
509 528 565 598 Sic
585 530 661 594 dum
682 529 866 596 manifestos
895 528 1049 596 ecclcsiae
1070 532 1186 596 abusus
1207 538 1300 614 atque

199 639 442 727 superstitiones
471 648 560 706 caute
590 639 650 704 sed
672 639 813 724 ingenue
843 638 1052 724 castigarent,
1075 638 1194 704 sensim
1215 637 1302 702 illam

199 751 269 816 sine
299 750 432 814 dissidio
464 749 671 814 reformatum
703 749 741 812 iri
774 752 954 834 sperabant.
1007 747 1131 812 llorum
1161 747 1303 812 omnium

200 859 350 924 Erasmus
373 857 618 938 Roterodamus,
642 857 692 920 vir
705 856 891 922 immortalis
912 856 1097 938 memoriae,
1121 865 1152 920 et
1170 854 1302 940 ingenio

201 977 232 1034 11
255 967 439 1032 auctoritate
471 966 571 1052 longe
602 965 752 1054 princeps
777 975 852 1030 erat.
908 965 1008 1030 Cuius
1030 963 1189 1030 innumeri
1211 962 1302 1028 amici

204 1075 434 1162 discipulique,
458 1098 556 1160 quum
580 1076 614 1139 in
633 1075 786 1163 plurimes
809 1074 986 1140 academias
1014 1073 1217 1154 invasissent,
1241 1072 1303 1138 iam

202 1184 386 1270 aliquandiu
409 1185 560 1249 victoriae
585 1185 662 1249 certi
686 1204 757 1248 esso
778 1183 978 1248 videbantur.
1011 1182 1079 1249 Sed
1101 1183 1222 1250 recenti
1245 1183 1302 1248 hu·

199 1294 377 1358 maniorum
399 1292 576 1358 studiorum
597 1292 729 1378 ingenio
754 1293 859 1377 prisca
879 1300 910 1356 et
929 1291 1083 1358 ecclesiae
1101 1301 1132 1356 11
1152 1291 1302 1358 scientiae

200 1404 318 1484 forma,
344 1401 445 1488 qualis
473 1401 580 1467 medio
609 1423 688 1466 aevo
711 1400 874 1486 viguerat,
898 1400 991 1466 nimis
1021 1401 1178 1466 contraria
1205 1409 1300 1486 atquc

199 1533 384 1599 repugnans
405 1520 481 1576 crat.
524 1509 621 1590 Quod
639 1509 807 1574 dissidium
824 1510 858 1574 in
875 1510 1044 1576 academiis
1063 1510 1126 1574 illis
1144 1519 1218 1595 post
1233 1510 1302 1575 lon·

199 1621 326 1704 giorem
344 1619 398 1685 vel
420 1619 602 1684 breviorem
619 1640 742 1704 pacem,
765 1617 865 1684 sicubi
887 1619 970 1682 forte
999 1627 1106 1686 mutua
1130 1620 1299 1684 conniven-

199 1729 242 1794 tia
261 1728 460 1815 conscpitum
483 1736 558 1810 erat,
568 1749 701 1814 semper
722 1749 760 1792 co
784 1727 913 1813 gravius
935 1727 1047 1815 erupit.
1057 1729 1082 1814 1)
1105 1729 1302 1814 Vitcb‘ergaa

203 1837 332 1903 demum
350 1837 574 1902 humaniorum
596 1836 723 1900 illarum
743 1836 918 1900 litterarum
939 1847 1032 1921 atque
1051 1837 1202 1919 omnium,
1223 1859 1304 1922 quae

200 1947 241 2012 ad
263 1947 439 2028 ecclesiam,
460 1947 718 2034 rempublicam,
742 1968 940 2012 communem
961 1947 1056 2010 vitam
1078 1955 1231 2034 spectant,
1258 1947 1303 2012 di-

201 2055 408 2140 sciplinarum
431 2057 521 2120 firme
537 2055 692 2140 quaedam
715 2055 901 2140 internaque
923 2055 1093 2120 concordia
1115 2065 1209 2141 atque
1228 2077 1301 2122 con·

199 2165 328 2229 sociatio
351 2164 431 2228 faeta
454 2174 510 2228 est.
555 2163 654 2230 Cuius
677 2163 725 2229 rei
746 2163 919 2229 necessitas
942 2186 1039 2250 quum
1063 2164 1183 2250 ubique
1204 2174 1302 2230 terra-

200 2294 272 2339 rum
300 2273 481 2356 sentiretur,
513 2272 702 2338 universitas
732 2272 788 2337 illa
818 2273 969 2337 litteraria
996 2274 1035 2339 ab
1065 2273 1206 2338 omnium
1235 2277 1304 2340 fere

199 2382 348 2469 Europae
369 2383 506 2470 partium
526 2382 706 2446 hominibus
733 2383 933 2468 frequentata
957 2383 1050 2448 adid
1074 2383 1199 2468 gloriae
1220 2385 1304 2449 fasti-

201 2491 293 2579 gium
315 2490 474 2577 pervenit,
499 2490 586 2556 cuius
609 2491 795 2556 memoriam
817 2491 998 2556 notissimae
1023 2491 1210 2579 tragoediae
1233 2493 1304 2560 loeo

203 2623 345 2666 summus
380 2600 565 2688 Anglorum
601 2609 697 2687 poeta
728 2600 822 2664 etiam
861 2601 1019 2686 mythicac
1060 2602 1184 2668 fabulae
1223 2603 1306 2670 inse·

200 2711 272 2774 ruit.
323 2709 404 2774 Inde
437 2711 475 2776 ab
505 2709 562 2774 illo
594 2719 740 2795 tempore
768 2709 851 2774 inter
872 2719 1055 2775 renovatam
1081 2711 1248 2778 ecelesiam
1273 2721 1306 2778 et

202 2811 386 2876 universam
419 2811 589 2876 humanam
623 2810 787 2875 scientiam
813 2810 1021 2876 arctissimum
1056 2812 1169 2877 foedus
1202 2812 1302 2878 sanci-

204 2927 271 2983 tum
295 2927 358 3001 est,
382 2919 468 3005 quod
492 2919 568 2984 11111
590 2919 751 2984 interdum
779 2919 819 2983 ad
847 2919 1132 3006 utriusquepartis
1156 2921 1304 2986 damnum

203 3023 364 3093 turbatam
384 3037 479 3113 atquc
501 3026 713 3115 interruptum
734 3027 790 3109 sit,
816 3036 921 3092 tamen
953 3029 1046 3094 insita
1067 3028 1099 3092 vi
1129 3038 1161 3094 ct
1182 3029 1306 3095 interna

204 3138 340 3221 quadam
367 3138 556 3203 necessitate
590 3158 719 3223 semper
753 3138 858 3203 denuo
888 3138 920 3201 in
951 3137 1117 3202 homiuum
1149 3139 1307 3205 mentibus

203 3246 342 3312 emersit.
386 3245 465 3311 Tale
497 3246 660 3310 vinculum
688 3255 722 3309 111
752 3255 943 3327 necteretur,
976 3245 1133 3312 Lutherus
1162 3269 1221 3333 pro
1246 3269 1305 3311 suo

202 3355 335 3442 ingenio
359 3355 553 3421 desideravit
568 3364 662 3441 atque
684 3355 864 3439 postulavit,
882 3356 950 3442 ipse
970 3359 1100 3422 nectere
1121 3380 1184 3421 non
1200 3357 1308 3444 valuit,

202 3472 483 3538 Melanchthonem
510 3472 549 3538 ad
579 3473 612 3536 id
645 3473 785 3538 officium
808 3473 1051 3558 exsequendum
1081 3474 1170 3560 quasi
1200 3484 1307 3539 natum

204 3602 285 3660 1111,
324 3581 363 3646 ab
396 3581 485 3645 initio
512 3583 689 3668 perspexit.
734 3581 920 3669 „Quidquid
949 3583 1096 3665 scimus“,
1121 3584 1231 3669 inquit,
1256 3584 1307 3663 „in

203 3688 321 3753 artibus
358 3697 389 3753 et
420 3689 453 3754 in
485 3712 562 3756 vera
590 3691 809 3777 philosophia,
832 3690 915 3758 illud
948 3693 1101 3758 debemus
1126 3692 1307 3780 Philippos

207 3797 300 3864 Hune
330 3797 430 3883 igilur
451 3801 573 3882 virum,
596 3801 637 3866 ad
660 3800 748 3868 cuius
771 3801 929 3884 laborem,
951 3810 1032 3868 teste
1061 3801 1132 3888 ipso
1154 3801 1308 3884 Luthero,

205 4033 404 4048 -O—t—n—-u

257 4151 283 4219 1)
303 4150 343 4204 Cf.
363 4149 568 4220 Kampsehultc‚
588 4151 633 4204 die
653 4149 824 4204 Universitat
844 4149 942 4204 Erfurt
959 4149 988 4202 in
1009 4149 1098 4203 ihrem
1117 4149 1307 4204 Verhi'altniaae

205 4264 241 4298 au
258 4247 322 4300 dem
341 4245 536 4300 Humanismus
555 4246 612 4298 und
630 4245 680 4300 der
698 4243 898 4299 Refomnation.
923 4249 948 4302 1.
966 4243 1054 4298 Theil.
