3186 5090
750 391 771 454 5

209 576 357 640 omnibus
393 575 616 640 controversiis
651 573 800 640 collocuti
830 574 966 638 sumus?
1020 571 1154 653 Quoties
1185 579 1312 638 veteres

208 707 261 748 res
284 692 390 769 gestas
414 692 446 747 et
476 692 607 750 eventus
630 705 671 748 ex
701 683 786 748 omni
814 677 998 768 antiquitate
1023 681 1172 747 collectos
1194 680 1311 767 repeti·

209 791 313 856 vimus
334 801 365 856 et
386 815 457 857 cum
475 792 697 877 praesentibus
719 794 815 858 rebus
840 791 1046 872 contulimus,
1067 813 1132 856 non
1152 789 1256 854 solnm
1277 798 1313 855 ut

210 900 425 966 divinaremus
450 901 490 966 de
513 901 600 966 exitu
624 901 684 968 sed
707 900 801 966 etiam
824 909 859 964 ut
880 901 1025 966 remedia
1048 899 1310 986 requireremus?

210 1006 315 1088 Quam
336 1008 436 1072 multa
468 1008 508 1072 de
529 1007 642 1074 ceteris
665 1007 861 1094 reipublicae
883 1006 1026 1094 partibus
1048 1006 1309 1094 disputavimus?
1360 993 1362 1000 ,

210 1115 316 1196 Quam
337 1117 435 1180 multa
457 1117 626 1202 praesagia
648 1125 755 1180 nostra
777 1114 971 1180 meministi?
1022 1117 1073 1179 Ae
1097 1136 1192 1201 spero
1215 1123 1246 1179 te
1268 1115 1309 1180 ad
1416 1148 1418 1153 v

210 1247 319 1289 omncs
339 1223 423 1289 vitae
442 1233 548 1311 partes
566 1224 802 1289 instructiorem
824 1245 894 1288 esse
915 1224 1029 1288 factum
1049 1223 1086 1287 iis
1107 1224 1222 1288 nostris
1244 1244 1309 1288 ser·

209 1334 366 1416 monibus,
392 1335 477 1420 quod
499 1356 565 1399 non
583 1335 687 1398 solum
709 1356 800 1398 veras
823 1334 864 1398 de
882 1332 1040 1418 religione
1063 1333 1168 1418 deque
1189 1331 1311 1398 artibus

208 1443 379 1508 sententias
402 1441 558 1524 audieris,
582 1441 764 1506 sedetiam
793 1441 882 1528 quasi
907 1441 1043 1506 formam
1070 1450 1101 1506 et
1129 1439 1308 1506 aedificium

207 1550 406 1637 reipublicae
424 1573 475 1616 me
499 1559 692 1615 monstrante
712 1550 942 1637 contemplatus
962 1549 1014 1631 sie,
1034 1571 1114 1634 quae
1129 1549 1311 1636 principum

207 1659 350 1723 virorum
381 1660 444 1722 sint
464 1658 659 1740 voluntates,
687 1657 820 1744 quaein
842 1657 989 1722 maximis
1010 1660 1106 1723 rebus
1131 1655 1309 1722 moderatio

208 1769 389 1834 adhibenda
412 1769 461 1852 sit,
485 1779 547 1854 qu⁴0
570 1769 743 1856 praecipue
769 1770 859 1835 bonis
881 1769 957 1834 viris
980 1769 1110 1835 consilia
1135 1769 1240 1833 omnia
1266 1767 1312 1832 di·

207 1878 344 1963 rigenda
366 1878 437 1942 siut.
481 1877 518 1942 ln
540 1878 600 1942 hac
622 1885 706 1942 tanta
729 1877 932 1964 philosophia
939 1927 948 1960 ,
975 1878 1034 1942 etsi
1055 1900 1126 1942 meo
1146 1899 1199 1942 me
1222 1877 1307 1963 pede

208 1986 323 2050 metior
345 1996 376 2051 et
397 1985 543 2072 intelligo
566 1996 716 2073 quantum
737 1989 775 2054 ab
797 1987 890 2051 huius
912 1987 1042 2072 generis
1060 1986 1179 2052 artifice
1197 1985 1308 2068 absim,

209 2098 317 2158 tamen
342 2116 394 2159 me
416 2096 537 2160 versari
557 2103 718 2181 uteunque
736 2095 852 2182 tuipse
867 2095 954 2159 testis
975 2116 1009 2160 es
1030 2103 1061 2160 et
1081 2095 1210 2159 fuerunt
1223 2086 1299 2158 mihi

208 2211 243 2267 ut
263 2203 332 2287 ipse
352 2203 477 2289 sapiens
494 2203 661 2269 historicus
676 2205 787 2289 inquit,
802 2200 841 2265 τὰ
859 2201 1035 2286 παθήματα
1053 2201 1269 2285 μαθήματα.“
1283 2206 1308 2289 ¹)

251 2309 351 2376 Tanta
370 2311 470 2396 igitur
490 2312 574 2378 vitae
598 2313 798 2398 experientia
824 2311 912 2396 quasi
937 2311 1108 2376 excitatum
1134 2320 1165 2375 et
1186 2311 1310 2376 exerei-

210 2429 309 2484 tatum
330 2430 378 2485 est
397 2420 650 2486 Melanchthonis
672 2421 847 2506 ingenium.
890 2419 929 2485 Id
952 2441 1029 2484 uero
1045 2421 1157 2510 ipsum
1181 2420 1220 2484 ad
1243 2421 1310 2484 effi-

209 2530 354 2594 ciendam
377 2551 526 2615 magnam
552 2530 656 2613 illam,
679 2531 720 2595 de
743 2553 804 2616 qua
827 2529 978 2612 diximus,
1002 2528 1198 2615 reipublicae
1228 2528 1310 2594 litte·

208 2639 309 2704 rariae
332 2639 592 2704 reformationem
616 2640 737 2706 duabus
757 2640 897 2704 maxime
918 2638 1044 2704 dotibus
1066 2647 1210 2703 ornatum
1232 2647 1308 2721 erat,

209 2757 274 2812 tum
299 2747 427 2832 insigni,
444 2757 478 2811 ut
499 2748 563 2812 hoe
582 2750 683 2814 verbo
700 2750 746 2813 uti
767 2747 1085 2831 liceat,versatilitate
1107 2757 1201 2831 atque
1224 2748 1312 2812 rolu-

209 2855 330 2921 bilitate
352 2866 383 2921 et
403 2856 444 2921 ad
471 2856 702 2922 diversissimas
733 2858 890 2922 doctrinas
912 2879 984 2922 sese
1008 2856 1191 2943 applicandi
1212 2857 1311 2922 facili·

213 2973 284 3046 tate,
310 2974 375 3029 tum
401 2967 507 3031 innata
531 2945 666 3053 quadain
695 2966 848 3032 suavitate
877 2977 909 3033 et
934 2967 1039 3032 omnia
1067 2967 1108 3032 ad
1139 2990 1310 3034 consonam

213 3074 457 3160 pulchritudinis
481 3097 662 3141 mensuram
689 3077 879 3162 unitatisque
904 3076 1143 3162 congruentiam
1165 3077 1312 3141 vertendi

210 3193 286 3248 arte.
318 3182 429 3270 Capax
449 3185 531 3251 illud
552 3185 845 3250 diversissimorum
865 3186 1041 3250 studiorum
1064 3185 1230 3271 ingenium
1250 3185 1313 3250 iam

214 3291 246 3355 in
268 3292 521 3374 adolescentem,
546 3315 643 3378 quum
668 3293 838 3380 Tubiugae
861 3295 1013 3380 degeret,
1037 3295 1177 3359 omnium
1201 3295 1310 3360 oculos

214 3399 414 3485 convertit.²)
452 3399 554 3466 Tanta
574 3402 607 3465 in
632 3423 671 3467 eo
695 3412 761 3467 crat
781 3403 953 3468 memoriae
977 3402 1035 3484 vis,
1059 3411 1144 3467 tanta
1167 3402 1311 3468 discendi
1413 3399 1415 3404 ’

211 3508 367 3591 celeritas,
388 3517 422 3573 ut
443 3509 680 3597 ,discipulusne
699 3535 738 3576 an
755 3512 867 3576 doctor
880 3520 912 3576 et
926 3513 1090 3598 professor
1105 3511 1194 3598 prius
1210 3519 1311 3582 esset‘

212 3618 420 3684 dubitandum
452 3629 628 3686 censerent.
684 3619 831 3699 ,Nullam
860 3643 966 3686 rerum
999 3620 1215 3707 cognitionem
1245 3643 1311 3686 non

266 3867 292 3935 1)
311 3866 340 3920 Ο.
350 3866 383 3919 R.
397 3865 438 3918 ΙΠ
455 3870 489 3922 22
511 3883 587 3934 seqq.
606 3863 871 3935 ApudStrobelium
882 3865 925 3919 in:
943 3865 1096 3920 Naehrieht
1108 3883 1163 3920 ven
1174 3867 1313 3921 Melanch·

213 3961 306 4016 then’s
325 3963 444 4016 sammtl.
463 3961 583 4029 Briefen,
601 3980 628 4031 p.
646 3961 698 4018 172
712 3978 788 4031 seqq.
807 3962 864 4031 (ubi
877 3979 912 4014 ex
928 3962 1044 4016 Peuoeri
1057 3964 1218 4018 recensione
1230 3964 1312 4034 plura

209 4057 342 4112 mendosa
358 4062 472 4128 recepta
490 4059 573 4128 sunt.)

264 4179 289 4247 2)
309 4178 524 4248 ctgfleerbrand
536 4178 700 4235 inoratiene
713 4178 824 4234 funebri
834 4178 1093 4251 Tubingaelhabita.
1113 4178 1141 4234 O.
1152 4178 1184 4234 R.
1194 4181 1228 4252 X,
1248 4182 1309 4239 289.

214 4275 352 4330 Camerar.
371 4275 390 4330 1.
410 4293 434 4330 e.
453 4293 480 4345 p.
501 4275 544 4331 14.
