3186 5090
841 369 882 434 22

307 555 430 642 percipi
455 578 491 619 ac
520 555 630 620 sentiri
661 563 810 622 venustas
832 556 969 640 videtur,
993 580 1087 644 quam
1115 560 1141 624 ai
1164 560 1289 646 integra
1302 565 1411 624 ‘statua

277 648 397 728 ¹vides
418 685 476 728 suo
507 683 654 750 quaeque
677 663 747 729 loeo
778 664 948 747 collocato,
971 665 1012 729 ita
1042 666 1148 732 malim
1179 645 1409 752 vos'integras

306 771 465 838 orationes
488 772 587 837 oculis
611 781 706 858 atque
730 773 835 838 animo
860 775 1086 862 contemplari,
1109 797 1203 861 quam
1237 776 1409 842 sententio·

303 883 349 947 las
372 882 525 968 quasdam
555 903 747 970 excerpere,
773 902 791 948 e
814 884 928 969 quibus
950 884 1076 971 reliqua
1098 885 1197 951 oratio
1220 885 1407 950 aestimetur

303 999 338 1055 ut
360 1012 402 1055 ex
422 990 585 1077 unguibus
610 990 739 1056 leonem
761 991 856 1056 aiunt.
894 991 975 1057 Nam
998 995 1025 1058 si
1045 993 1229 1059 universam
1252 993 1308 1060 tibi
1332 1016 1407 1082 pro-

303 1098 463 1188 posueris,
486 1097 528 1166 ibi
552 1120 629 1164 vere
651 1100 770 1166 senties
803 1123 867 1165 non
897 1102 995 1166 modo
1022 1103 1136 1188 quibus
1158 1105 1332 1168 verborum
1355 1113 1409 1166 aut

305 1209 532 1274 sententiarum
553 1208 678 1296 figuris,
702 1210 761 1274 sed
784 1233 848 1296 quo
870 1210 1005 1276 consilio
1028 1213 1122 1276 etiam
1155 1223 1186 1276 et
1208 1235 1270 1298 qua
1292 1212 1407 1278 sollici-

307 1319 417 1385 tudine
441 1319 592 1400 dixerint,
609 1341 701 1404 quum
721 1319 836 1384 callide
854 1320 886 1383 in
905 1320 1018 1408 populi
1034 1342 1128 1386 aures
1144 1320 1297 1407 irrepant,
1313 1343 1406 1408 quam

305 1429 479 1515 diligenter
501 1450 572 1494 sese
597 1429 827 1510 communiant,
851 1430 906 1497 ubi
930 1429 1064 1495 alacrius
1086 1438 1277 1518 procurrant
1298 1430 1331 1494 in
1355 1430 1409 1494 ad·

304 1537 492 1618 versarium,
509 1538 562 1604 ubi
574 1538 716 1601 referant
730 1537 859 1623 pedem,
876 1538 929 1604 ubi
945 1538 1147 1604 ludificentur
1167 1539 1304 1618 hostem,
1321 1561 1403 1624 quae

302 1647 438 1735 proprie
459 1669 574 1712 cacrsae
594 1648 655 1736 sint
677 1632 877 1734 argumente,
901 1671 982 1735 quee
1001 1657 1187 1714 ornamenta
1203 1649 1306 1714 obiter
1318 1672 1404 1714 acee-

306 1758 390 1838 dant,
413 1757 575 1843 quomodo
607 1757 640 1820 in
662 1757 750 1821 locos
782 1779 968 1823 communes
1000 1779 1018 1822 a
1052 1779 1145 1824 causa
1177 1759 1407 1844 exspatientur,

305 1888 369 1951 quo
390 1887 514 1951 genere
535 1866 706 1930 affectuum
725 1889 761 1930 ao
782 1866 939 1931 sermonis
961 1867 994 1930 in
1015 1865 1151 1952 singulis
1174 1889 1288 1932 causae
1310 1866 1405 1953 parti·

303 1977 364 2041 bus
386 1984 522 2039 utentur.
567 1975 659 2055 Quae
683 1974 788 2040 omnia
810 1975 863 2060 qui
885 1975 1061 2062 diligenter
1083 1975 1245 2063 spectavit,
1268 1995 1329 2039 nae
1351 1975 1409 2040 illa

307 2083 448 2148 omnium
482 2083 694 2148 humanorum
729 2103 863 2170 operum
897 2084 976 2147 nihil
1014 2084 1231 2152 admirabilius
1265 2084 1410 2150 oratione

276 2250 283 2258 .
307 2215 379 2260 esse
402 2197 533 2259 stutuet“
545 2195 578 2274 ¹).

347 2302 444 2384 Quod
468 2302 607 2388 denique
632 2302 673 2366 ad
695 2300 915 2366 diiudicandos
937 2302 1082 2367 diversos
1105 2310 1250 2368 veterum
1275 2302 1408 2390 scripto-

306 2437 359 2478 res
377 2413 526 2500 pertinet,
543 2413 768 2479 Melanchthon
784 2434 839 2476 eos
854 2412 1055 2498 potissimum
1073 2412 1226 2477 iuventuti
1248 2433 1406 2477 commcn-

306 2523 429 2589 dandos
460 2522 590 2610 putarit,
616 2523 669 2608 qui
704 2522 737 2586 in
768 2543 826 2587 suo
861 2522 996 2608 quisque
1028 2543 1152 2608 genere
1173 2522 1336 2609 principes
1359 2543 1408 2585 se·

306 2633 471 2721 quentium
493 2633 635 2718 magistri
660 2641 691 2698 et
716 2633 804 2718 qnasi
828 2633 933 2698 fontes
957 2633 1141 2698 evasissent.
1166 2611 1271 2714 Quam
1288 2632 1409 2698 adrem

304 2742 479 2808 admodum
502 2743 602 2807 faceto
627 2743 686 2807 hos
709 2741 818 2808 Ovidii
838 2763 954 2807 versus
977 2742 1128 2829 applicat:

428 2849 510 2914 Nam
529 2872 720 2936 quamquam
742 2872 838 2937 sapor
859 2858 906 2914 est
927 2850 1030 2914 adlata
1050 2850 1153 2914 duleis
1174 2850 1207 2913 in
1229 2849 1324 2932 unda,
1432 2875 1435 2883 s

514 2959 636 3045 gratius
659 2981 701 3024 ex
722 2959 794 3046 ipso
815 2961 902 3024 fonte
925 2959 1076 3025 bibuntur
1097 2977 1207 3045 aquae,

335 3152 339 3159 Ι
432 3077 463 3131 et
490 3069 593 3155 magis
627 3069 763 3134 adducto
795 3091 928 3157 pomum
959 3069 1136 3157 decerpere
1166 3091 1255 3134 ramo

516 3200 611 3263 quam
636 3178 677 3242 de
702 3179 819 3243 caelata
843 3200 971 3243 sumere
995 3178 1085 3243 lance
1107 3178 1239 3263 iuvat2).

347 3290 393 3353 Ea
416 3290 556 3354 maxime
589 3290 739 3370 iuvenili,
773 3297 807 3352 ut
838 3289 880 3352 ita
913 3288 1024 3368 dicam,
1055 3287 1164 3352 iudicii
1187 3288 1318 3352 sanitate
1340 3285 1406 3350 Me-

308 3399 480 3464 lanchthon
499 3398 633 3463 Erasmo
651 3398 750 3484 longo
770 3398 964 3462 antecellere
985 3398 1062 3462 mihi
1084 3398 1221 3461 videtur.
1243 3397 1305 3462 Hic
1327 3419 1411 3460 snm-

307 3531 392 3574 msm
415 3530 545 3595 operam
576 3507 732 3594 impendit
761 3508 795 3572 in
825 3507 923 3572 latine
957 3506 1119 3572 vertendis
1144 3505 1251 3570 multis
1282 3504 1411 3570 Lucieni

308 3617 431 3703 scriptis
462 3639 522 3682 neo
556 3640 620 3683 non
654 3617 773 3702 aliquot
804 3616 929 3681 Libanii
962 3615 1254 3696 declamationibus,
1289 3615 1410 3680 Melan·

309 3726 427 3791 ohthon
449 3725 570 3812 primus
600 3727 682 3791 inter
705 3736 861 3792 nostrates
883 3727 1025 3814 plurium
1047 3724 1276 3790 Demosthenis
1300 3723 1411 3789 oratio-

308 3858 385 3900 num
409 3844 440 3898 et
459 3835 598 3900 omnium
615 3835 743 3900 Pindari
766 3836 939 3901 carminum
955 3836 1084 3900 Latinus
1101 3834 1260 3921 interpres
1276 3831 1412 3911 exstitit;

309 3945 349 4008 ad
372 3953 544 4031 utrumque
575 3955 718 4011 autorem
742 3946 916 4034 diligenter
938 3947 1115 4034 legendum
1138 3945 1337 4011 iuventutem
1363 3965 1411 4008 ar·

362 4183 388 4250 1)
406 4180 445 4233 rr
463 4181 522 4235 114.
542 4181 603 4235 ror.
623 4198 680 4249 seq.
699 4181 734 4236 or.
753 4180 792 4234 rn
811 4181 872 4240 714.
890 4180 954 4237 xvr
976 4183 1038 4237 sos.

363 4277 389 4347 2)
408 4276 448 4330 ru
467 4277 528 4331 112.
548 4275 649 4346 (xum
667 4276 738 4345 185).
