3186 5090
838 381 880 445 36

304 560 512 625 mirabantur.
560 557 616 626 Sic
639 559 728 625 verbi
751 559 855 644 gratia
874 557 938 623 iam
959 558 1087 624 diversa
1109 557 1253 643 gentium
1276 556 1405 643 ingenia

307 668 491 734 describere
507 675 542 735 ¹et
564 666 640 752 quid
662 665 878 753 peculiaribus
899 665 965 730 suis
988 665 1042 730 vel
1061 665 1228 730 virtutibus
1249 665 1304 730 vel
1322 663 1406 728 vitiis

304 778 343 841 ad
366 776 595 863 perficiendam
620 799 768 862 magnam
790 775 878 840 illam
902 797 996 861 quam
1018 774 1093 840 dicit
1111 773 1252 840 universi
1273 773 1404 859 generis

303 886 433 952 humani
458 886 631 971 imaginem
663 885 900 967 contribuerint,
923 884 1117 969 perscrutari
1139 883 1259 970 incipit
1315 883 1407 961 „Non

302 994 407 1058 solum
429 993 558 1080 singuli,
575 994 690 1081 inquit,
712 993 885 1059 sedetiam
906 1001 1021 1078 gentes
1040 991 1217 1074 universae,
1241 991 1301 1056 nisi
1325 991 1405 1056 divi·

304 1103 387 1167 nitus
413 1111 576 1188 regantur,
601 1102 804 1186 evangelium
826 1102 993 1167 inflectunt
1013 1102 1045 1164 in
1057 1124 1131 1165 suas
1145 1110 1283 1164 naturas.
1305 1098 1405 1165 Grae-

305 1211 348 1276 cis
370 1211 507 1296 ingeniis
529 1210 690 1276 blanditur
714 1213 907 1278 concinnitas
932 1214 1119 1300 opinionum
1140 1213 1298 1276 startiam
1315 1211 1406 1276 metis

304 1320 445 1386 inclusae
469 1321 712 1407 explicationes:
734 1323 807 1408 plus
829 1322 929 1407 igitur
949 1323 982 1387 in
1000 1323 1064 1391 hoc
1078 1343 1201 1408 genere
1219 1320 1405 1386 callidorum

306 1430 553 1516 disputationum
575 1431 633 1496 fnit
656 1441 688 1496 et
718 1432 844 1518 saepius
878 1431 1020 1496 doctrina
1040 1429 1228 1516 evangelica
1249 1431 1282 1494 in
1303 1429 1405 1514 pbilo-

305 1537 451 1625 sophiam
469 1539 692 1604 transformata
704 1548 778 1604 est“
801 1537 925 1606 Similia
936 1539 1085 1624 exempla
1094 1539 1135 1604 de
1146 1537 1332 1624 Aegyptiis,
1344 1536 1406 1622 Sy-

306 1647 359 1728 ris,
383 1647 483 1728 Afris,
505 1647 656 1712 Romanis
679 1669 721 1712 ex
743 1648 875 1712 historia
897 1647 1110 1713 ecclesiastica
1128 1646 1258 1711 strictim
1279 1646 1405 1732 repetit.

224 1776 230 1788 ·
304 1754 470 1820 Libentius
490 1777 569 1821 vero
600 1757 735 1840 quaein
758 1765 870 1821 natura
891 1781 909 1821 a
930 1756 1004 1821 Deo
1028 1756 1154 1821 condita
1177 1765 1208 1820 et
1229 1756 1407 1840 gubernata

304 1864 387 1928 bona
401 1872 551 1949 reeteque
567 1873 639 1929 sunt
655 1865 870 1930 describenda
887 1865 947 1930 sibi
964 1865 1055 1950 eligit
1072 1863 1285 1949 laudibusque
1303 1864 1404 1928 effert.

305 1971 487 2056 ,Nonnulli
511 1974 621 2060 inquit,
642 1984 716 2039 sunt
736 1975 895 2060 ingeniosi
916 1973 949 2037 in
972 1973 1082 2039 alienis
1096 1972 1178 2037 vitiis
1197 1971 1406 2050 insectandis3

240 2085 244 2094 '
304 2083 433 2168 quidam
469 2083 562 2148 etiam
599 2106 640 2148 ex
673 2084 890 2149 criminatione
923 2083 1058 2148 aliorum
1090 2081 1253 2168 gravitatis
1289 2083 1408 2146 famam

304 2200 509 2276 aucupantur.
531 2191 603 2277 Ego
621 2192 764 2258 liberalis
787 2191 908 2276 ingenii
932 2213 1003 2256 esse
1027 2191 1120 2272 duco,
1143 2191 1245 2276 magis
1266 2211 1403 2255 comme·

305 2293 481 2366 moratione
513 2301 666 2365 virtutum
705 2301 881 2366 alienarum
919 2300 1140 2386 delectari“¹).
1193 2297 1266 2364 Hoc
1300 2299 1405 2363 animo

305 2409 538 2475 diversissimos
552 2408 709 2492 homines,
728 2418 854 2473 veteres
870 2407 1090 2492 philosophos,
1108 2416 1275 2494 martyres,
1288 2415 1405 2493 patres,

306 2540 414 2604 reges,
437 2518 523 2583 viros
546 2519 579 2582 in
601 2518 687 2582 omni
709 2517 823 2582 artium
850 2517 1092 2599 litterarumque
1114 2537 1236 2601 genere
1260 2515 1406 2596 eximios,

304 2628 397 2692 etiam
421 2625 609 2706 Saracenos,
638 2648 710 2691 curn
737 2625 880 2709 ingenua
910 2624 1045 2710 quadarn
1073 2624 1296 2690 benevolentia
1316 2623 1405 2689 brevi

304 2735 497 2822 depingite).
536 2733 662 2799 Eodem
686 2756 782 2799 sensu
805 2733 899 2798 etiam
921 2733 962 2797 de
984 2732 1142 2797 universis
1165 2734 1317 2818 gentibus
1339 2734 1406 2816 agit

303 2844 401 2929 idque
421 2868 440 2908 a
462 2843 637 2908 minoribus
663 2852 698 2906 ut
721 2843 763 2906 ita
792 2843 895 2908 dicam
924 2842 1015 2927 gyris
1038 2843 1078 2906 ad
1107 2842 1244 2907 maiores
1279 2827 1406 2928 prolici-

302 2974 405 3018 seens.
432 2950 515 3016 Nam
536 2952 570 3016 in
591 2951 725 3016 diversis
750 2949 985 3018 Germanorum
1006 2951 1157 3037 stirpibus
1178 2950 1242 3016 iam
1264 2952 1405 3036 diversas

305 3059 399 3126 animi
432 3060 521 3125 dotes
551 3068 645 3143 atque
676 3069 802 3124 naturas
834 3059 979 3144 agnoscit
1007 3068 1038 3124 et
1064 3059 1239 3145 praedicat.
1284 3059 1341 3126 Sic
1365 3059 1406 3123 de

305 3169 478 3254 Redolpho
502 3168 659 3254 Agricola
680 3169 832 3253 loquens:
854 3168 989 3251 „Frisia,
1013 3168 1123 3253 inquit,
1138 3176 1173 3232 ut
1192 3168 1269 3232 olim
1284 3169 1407 3253 magni-

302 3278 413 3343 tudine
435 3299 542 3344 rerum
569 3287 732 3363 gestarum
764 3277 880 3366 floruit,
903 3277 947 3340 ita
976 3299 1062 3342 nunc
1082 3298 1209 3362 quoque
1232 3277 1340 3362 gignit
1360 3276 1406 3340 in·

303 3388 400 3474 genia
422 3411 622 3474 nequaquam
645 3388 801 3473 vulgaria,
821 3388 880 3452 sed
902 3411 974 3452 cum
994 3388 1034 3452 ad
1054 3388 1175 3452 litteras
1200 3396 1266 3452 tum
1287 3389 1328 3453 ad
1348 3409 1407 3473 gu-

303 3497 524 3562 bernationem
546 3519 735 3583 magnarum
763 3518 872 3561 rerum
903 3497 1028 3578 idonee,
1059 3506 1090 3560 et
1111 3506 1145 3561 ut
1177 3495 1253 3560 mibi
1279 3471 1433 3560 videtur¹

303 3628 368 3670 nen
390 3615 510 3674 tantum
533 3604 659 3690 sagacia
680 3615 711 3669 ct
731 3627 817 3683 sana,
842 3605 900 3669 sed
925 3603 1017 3668 ctiam
1040 3604 1236 3690 ingenuitate
1258 3613 1289 3669 et
1310 3604 1405 3668 animi

304 3714 492 3780 celsitudine
524 3712 679 3800 singulari
707 3713 878 3799 praedita.“
931 3711 1113 3779 Suevorum
1144 3722 1175 3778 et
1201 3713 1405 3779 Franconum

303 3823 430 3908 singula
460 3822 603 3888 encomia
635 3820 777 3888 scribere
810 3843 875 3886 non
906 3843 978 3887 eum
1002 3822 1115 3908 piguit.
1169 3822 1273 3888 Etiam
1294 3822 1405 3887 liberis

307 3985 503 3996 ——n——u——a

356 4083 725 4155 mmmmm.

360 4180 385 4248 2)
405 4178 487 4248 Cuips
505 4178 548 4232 rei
564 4177 689 4248 exempla
708 4178 828 4248 plurime.
845 4177 1025 4234 inveniuntur
1052 4179 1081 4233 C.
1100 4179 1133 4234 R.
1151 4175 1198 4247 XI,
1223 4179 1283 4234 XII.
1308 4207 1342 4218 -
1364 4179 1407 4234 De

304 4273 457 4344 Allragano
476 4278 504 4329 et
522 4275 665 4330 Avicenne
683 4274 827 4332 Saracenis
847 4273 881 4329 cf.
901 4273 940 4328 XI
960 4276 1021 4331 531.
1040 4291 1116 4345 seqq.
1134 4277 1196 4332 826.
1215 4292 1292 4345 seqq.
