3186 5090
782 328 824 394 28

256 506 346 572 Haec
367 515 402 572 ut
423 527 486 592 ego
509 503 640 591 quidem
663 506 800 574 arbitror
820 508 863 573 ita
885 511 1076 596 gubernavit
1102 512 1204 594 Deus,
1232 523 1267 578 ut
1287 535 1361 599 per·

256 616 375 680 fectum
397 615 550 681 artificem
574 617 766 682 haberemus
791 618 859 683 eius
881 619 980 705 partis
1001 620 1237 707 philosophiae,
1253 624 1286 687 in
1303 647 1363 710 qua

259 725 432 791 elaboravit
470 727 689 792 Aristoteles.“
742 727 827 810 ,Etsi
862 737 967 794 autem
1004 731 1159 816 quaedam
1196 733 1364 818 praeclara

260 836 379 923 scripta
401 837 470 901 eius
492 838 670 924 perierunt,
687 847 792 903 tamen
814 837 960 903 existimo
984 861 1022 903 ea
1044 861 1125 925 quae
1142 840 1266 927 reliqua
1282 850 1365 923 sunt,

260 967 342 1030 quae
364 945 495 1031 quidem
518 946 635 1012 scholis
665 947 803 1012 maxime
837 957 910 1034 apta
943 956 1033 1028 sunt,
1058 949 1207 1014 divinitus
1241 960 1365 1016 servata

262 1077 333 1120 esse
356 1065 391 1120 ut
410 1057 580 1142 posteritas
608 1056 725 1122 rectius
754 1057 862 1122 doceri
887 1065 1013 1144 posset‘
1024 1061 1062 1145 ¹).
1115 1058 1234 1140 Addit,
1259 1059 1363 1148 philo-

259 1164 404 1251 sophiam
426 1187 490 1230 uon
521 1173 583 1230 tam
607 1164 750 1249 angustis
778 1164 895 1231 finibus
925 1166 1094 1248 contineri,
1123 1177 1159 1231 ut
1186 1167 1364 1233 existimari

265 1274 381 1340 debeat
404 1283 467 1338 tota
488 1275 521 1338 in
550 1274 609 1339 hos
634 1273 733 1338 libros
756 1273 894 1355 inclusa,
919 1276 976 1340 sed
1002 1277 1158 1341 elementa
1181 1298 1252 1342 esse
1280 1278 1366 1364 apud

264 1381 486 1448 Aristotelem.
532 1381 780 1463 Mathematicus,
801 1383 944 1448 medicos
967 1391 999 1448 et
1018 1384 1258 1450 iurisconsultos
1280 1385 1365 1450 fasti-

258 1491 312 1578 gia
333 1491 500 1578 imponere
522 1490 571 1556 his
593 1490 688 1576 quasi·
705 1490 928 1557 fundamentis.
972 1493 1138 1580 Praesagit
1159 1517 1237 1560 vero
1258 1517 1363 1580 ,mag-

258 1625 331 1665 nam
356 1600 569 1666 doctrinarum
592 1599 814 1666 confusionem
835 1611 1014 1668 secuturam
1045 1587 1133 1684 csse,
1159 1603 1185 1668 si
1206 1603 1364 1669 Aristote-

259 1711 308 1776 les
332 1711 500 1796 neglectus
524 1709 630 1790 fuerit,
647 1709 701 1794 qui
714 1732 797 1774 unias
814 1733 850 1774 ac
870 1710 957 1776 solus
974 1711 1013 1775 sit
1027 1711 1169 1776 methodi
1185 1712 1362 1797 artifexss).

258 1820 297 1884 Id
321 1819 407 1906 quod
430 1829 460 1884 et
482 1828 624 1884 nostram
644 1827 778 1884 aetatem
801 1829 874 1906 post
899 1829 945 1885 tot
968 1828 1136 1906 tantosque
1158 1821 1362 1908 praestantis·

259 1928 412 1994 simorum
434 1929 639 2014 ingeniorum
662 1928 695 1992 in
717 1928 921 2016 philosophia
946 1931 1074 1995 labores
1097 1940 1264 2018 expertam
1289 1953 1360 1997 esse

260 2037 426 2118 videmus,
451 2038 490 2102 ad
521 2059 602 2123 quos
631 2047 774 2104 accurate
810 2039 1014 2125 dilucideque
1046 2039 1268 2105 diiudicandae
1288 2064 1360 2106 cum

261 2147 380 2214 Kantio
402 2147 609 2214 Aristotelem
631 2147 784 2235 optimum
808 2148 923 2212 ducem
945 2157 976 2212 et
999 2149 1186 2235 magistrum
1206 2170 1278 2214 esse
1294 2149 1365 2236 plu-

260 2260 332 2326 rimi
352 2283 438 2324 nunc
459 2267 646 2346 agnoscunt.

302 2370 426 2438 Summi
450 2369 675 2434 Melanchthon
701 2368 794 2432 etiam
812 2367 977 2433 Platonem
999 2369 1080 2449 iacit,
1101 2391 1244 2454 cygnum
1259 2368 1360 2449 illum,

259 2489 295 2546 ut
324 2480 382 2561 ait,
415 2479 556 2544 divinum
593 2477 743 2564 quiddam
776 2484 950 2570 canentem.
1006 2477 1073 2546 Sed
1104 2477 1361 2542 adolescentibus

260 2589 400 2679 primum
415 2587 611 2674 Stagyritam
633 2586 794 2674 proponit,
819 2586 938 2673 quippe
962 2585 1016 2671 qui
1039 2596 1133 2668 artes,
1158 2609 1235 2672 quas
1257 2587 1362 2667 tradit,

262 2699 402 2785 explicet
425 2698 569 2784 integras
593 2705 623 2761 et
644 2696 832 2761 methodum
865 2695 1092 2782 simpliciorem
1116 2718 1176 2761 ceu
1206 2697 1295 2760 filum
1323 2695 1364 2760 ad

262 2806 445 2894 regendum
470 2807 623 2872 lectorem
645 2806 801 2872 adhibeat.
856 2805 1039 2869 Assentitur
1061 2805 1234 2870 Theodoro
1258 2803 1364 2872 Gazae

262 2916 390 2999 dicenti,
414 2916 470 2998 ,itu
493 2916 667 2981 lectionem
689 2914 829 2980 Platonis
851 2914 987 2978 multum
1007 2915 1205 3001 profuturam
1232 2935 1313 2995 esse,
1338 2913 1365 2978 si

264 3027 334 3113 quis
356 3027 390 3090 in
412 3025 588 3092 Aristotele
610 3034 698 3090 reete
722 3024 891 3106 institutus,
922 3033 1034 3112 postea
1057 3024 1222 3088 Platonem
1251 3025 1365 3110 legat.“

262 3135 345 3202 Nam
369 3158 468 3222 quum
498 3136 609 3200 afferat
630 3133 865 3199 Aristotelicum
889 3133 1092 3214 methodum,
1115 3135 1185 3198 fore
1217 3143 1252 3198 ut
1275 3131 1365 3197 facile

265 3245 354 3331 quasi
373 3245 455 3309 intra
478 3252 579 3309 certas
601 3251 702 3308 metas
728 3241 869 3306 includat
893 3263 945 3306 cas
969 3263 1032 3323 res,
1056 3263 1136 3324 quae
1158 3241 1244 3328 apud
1263 3241 1366 3305 Plato-

262 3377 338 3420 nem
361 3356 421 3418 late
445 3353 615 3440 dissipatae
638 3352 708 3417 sint.
730 3351 848 3437 Neque
867 3360 975 3415 tamen
997 3355 1034 3417 ab
1058 3352 1157 3416 altera
1178 3359 1269 3439 parte
1292 3371 1365 3415 eum

264 3464 357 3550 fugit,
380 3463 480 3528 multa
501 3464 533 3525 in
553 3461 729 3527 Aristotele
751 3463 834 3526 bene
855 3460 991 3546 intelligi
1014 3483 1078 3525 non
1100 3482 1208 3547 posse,
1231 3459 1291 3524 nisi
1313 3481 1366 3525 eo·

263 3596 336 3638 rum
360 3572 449 3658 quasi
474 3572 578 3636 fontes
607 3570 693 3658 apud
715 3570 881 3635 Platonem
905 3579 1106 3656 quaerantur.
1161 3569 1258 3650 Quod
1280 3577 1367 3633 ante-

266 3705 359 3768 quam
381 3680 513 3762 viderit,
537 3701 572 3744 se
596 3679 670 3744 dicit
692 3679 945 3760 adolescentem,
972 3701 1069 3764 quum
1094 3677 1299 3744 Aristotelica
1319 3679 1366 3743 le-

267 3802 370 3880 geret,
397 3791 486 3877 quasi
508 3790 540 3854 in
563 3790 630 3856 luto
653 3789 796 3854 haesisse
805 3790 840 3870 3).

321 4017 699 4116 quamnam(

322 4140 640 4212 ammmm
778 4127 788 4144 ‘

324 4239 350 4308 3)
367 4237 406 4293 XI
424 4239 484 4294 422.
502 4237 541 4290 XI
559 4237 620 4292 423.
638 4235 702 4292 XVI
724 4237 780 4304 10.;
798 4234 825 4288 II
844 4234 905 4292 957.
928 4233 986 4304 (ubi
1005 4233 1163 4304 exemplum
1182 4232 1315 4302 affertur).
