3186 5090
750 371 863 484 'oe

285 598 410 666 nelarie
441 600 468 663 is
504 599 645 683 quidem,
677 598 737 666 sed
769 599 953 686 significans
988 599 1099 684 quales
1130 599 1192 664 sint
1223 598 1389 668 homiuum
1430 573 1435 582 ¹

288 729 411 772 mores:

430 815 621 903 Ubicunque
644 840 720 903 spos
745 816 826 882 lucri
848 826 896 882 est
917 817 1040 904 pudere
1063 840 1128 882 non
1151 818 1253 884 decet.

291 927 379 992 llano
401 924 572 1009 Ulysseam
601 927 838 1014 philosophiam
871 927 1058 1014 experimur
1089 926 1272 1014 pervasisse
1296 926 1390 991 etiam

288 1037 321 1100 in
343 1036 467 1100 scholas
491 1045 522 1101 et
545 1057 752 1120 corrumpere
775 1045 887 1101 artes.“
942 1035 1025 1102 Cum
1045 1037 1105 1102 hac
1130 1035 1301 1123 sophistica
1321 1035 1391 1100 bel-

288 1144 355 1209 lum
381 1139 539 1210 donandos
560 1145 655 1213 debet
679 1167 749 1210 esse
771 1145 928 1227 omnibus,
952 1144 1004 1230 qui
1037 1155 1068 1212 et
1093 1144 1169 1210 boni
1199 1145 1259 1210 viri
1283 1144 1391 1231 perbi-

291 1253 361 1318 beri
382 1255 495 1318 volunt
516 1263 547 1318 et
567 1255 670 1320 studia
690 1278 747 1319 sua
768 1257 915 1320 referunt
936 1255 975 1320 ad
996 1277 1196 1320 communem
1217 1254 1391 1320 utilitatem.

289 1362 380 1428 Plato
402 1364 590 1449 gravissime
612 1363 663 1446 ait,
687 1364 824 1430 dandam
854 1387 925 1430 esse
948 1387 1079 1452 operam
1101 1365 1135 1429 in
1156 1365 1303 1447 dicende,
1327 1385 1393 1428 non

288 1482 324 1537 ut
342 1473 507 1538 hominum
529 1474 658 1560 plausus
684 1484 856 1562 captemus,
882 1475 940 1540 sed
956 1473 1031 1540 Deo
1051 1483 1141 1560 grata
1157 1475 1314 1555 dicamus,
1338 1497 1391 1540 ve·

288 1583 411 1646 ritatem
434 1582 576 1648 omnium
600 1585 755 1650 bonorum
785 1607 911 1650 causam
941 1603 1012 1649 esse
1035 1583 1095 1648 diis
1129 1593 1159 1648 et
1180 1583 1391 1650 lrominibus.“

292 1689 416 1772 „Quam
435 1694 547 1757 crebro
576 1693 732 1778 praecipit
758 1692 903 1758 Christus
927 1694 968 1759 dc
989 1693 1123 1758 colenda
1145 1702 1176 1758 et
1196 1693 1315 1758 tuenda
1336 1714 1389 1758 ve·

290 1801 406 1865 ritate?
430 1823 524 1886 quam
548 1810 656 1866 sancte
680 1803 881 1868 commendat
902 1802 992 1868 nobis
1018 1803 1085 1868 eius
1108 1803 1275 1868 studium?
1299 1825 1392 1887 qnam

290 1908 462 1976 horribiles
484 1933 604 1995 poenas
627 1910 720 1976 etiam
738 1911 890 1997 proponit
911 1911 960 1976 his
982 1912 1035 1996 qui
1058 1912 1223 1976 veritatem
1242 1911 1392 1976 violant?

289 2019 454 2083 -Porro
479 2019 532 2105 qui
553 2030 657 2085 amant
676 2021 871 2107 sophisticen
894 2029 923 2085 ot
943 2021 976 2084 in
1000 2022 1113 2086 ceteris
1136 2021 1256 2088 artibus
1279 2021 1393 2092 ludere

292 2109 535 2210 consueverunt,
559 2130 600 2194 ad
623 2130 762 2196 eundem
789 2130 921 2195 modum
950 2130 1066 2194 ludunt
1091 2133 1125 2195 in
1156 2131 1298 2196 doctrina
1321 2152 1392 2196 coe-

291 2239 390 2304 l'esti.“
414 2237 573 2324 Sophistis
594 2261 674 2304 vero
699 2239 795 2306 affine
818 2248 865 2304 est
885 2237 971 2304 aliud
990 2238 1156 2304 hominum
1175 2261 1289 2325 genus,
1313 2262 1392 2324 quos

289 2348 515 2414 Melanchtbon
537 2347 707 2414 histriones
730 2371 847 2414 vocare
869 2348 965 2427 solet3
987 2347 1009 2411 ii
1032 2349 1192 2431 nimirum,
1214 2349 1267 2433 qui
1290 2351 1391 2414 soien-

290 2460 363 2541 tiae,
390 2481 483 2544 quam
505 2481 570 2523 non
593 2468 713 2541 tenent,
743 2457 885 2546 speciem
913 2479 991 2544 prae
1020 2480 1055 2523 se
1089 2459 1196 2524 ferunt
1225 2468 1256 2523 et
1284 2459 1392 2523 fucosa

291 2577 358 2633 arte
379 2568 433 2632 vel
454 2567 608 2632 iuventuti
631 2568 685 2632 vel
709 2569 809 2652 vulgo
831 2567 1007 2651 imponunt.
1062 2567 1117 2646 „ld
1139 2589 1242 2652 genus
1265 2566 1390 2633 histrio·

291 2699 367 2740 num
388 2676 469 2740 nulli
490 2675 681 2761 professioni
706 2677 837 2741 deesse“
861 2677 997 2741 adnotat.
1052 2676 1115 2757 Qui
1138 2676 1192 2743 ubi
1217 2679 1392 2742 doctrinam

292 2771 545 2871 qualemcunque
567 2784 790 2872 indignissime
816 2795 950 2852 tractant
973 2795 1004 2850 et
1034 2787 1253 2868 dehonestant,
1283 2807 1392 2852 omnes

290 2896 392 2960 bonos
420 2904 451 2959 et
481 2896 622 2960 eruditos
657 2897 741 2961 viros
774 2895 953 2982 indignatio
988 2897 1144 2980 quaedam
1174 2905 1206 2960 et
1233 2895 1392 2961 miseratio

290 3007 398 3071 subire
430 3005 535 3087 debet,
567 3005 703 3090 perinde
733 3015 785 3084 ,ut
810 3004 946 3090 Apelles
979 3006 1093 3091 pictor,
1125 3005 1151 3068 si
1185 3005 1391 3092 praecipuam

291 3115 427 3200 aliquam
450 3137 578 3180 suarum
610 3115 797 3197 tabularum,
829 3115 1014 3182 collocatam
1041 3115 1154 3180 illustri
1176 3116 1258 3196 loco,
1286 3115 1391 3180 delor-

291 3226 370 3290 mari
392 3234 487 3311 atque
509 3224 641 3313 aspergi
662 3224 729 3289 luto
756 3225 891 3308 videret,
914 3225 1053 3290 maxime
1074 3225 1188 3290 dolore
1210 3224 1392 3291 afficeretur

289 3342 423 3421 propter
444 3333 518 3397 artis
539 3332 810 3398 misericordiam“
820 3334 858 3417 ¹).

330 3441 530 3508 Foedissima
553 3442 690 3527 denique
714 3442 947 3508 academiarum
969 3442 1068 3530 pestis
1091 3443 1164 3506 odia
1185 3451 1267 3525 sunt,
1288 3441 1393 3527 qualia

290 3552 401 3617 animis
437 3552 527 3617 eitius
559 3551 696 3634 irritatis,
732 3552 912 3634 ambitione,
948 3552 1077 3634 invidia,
1113 3553 1264 3637 superbia
1298 3550 1392 3616 etiam

291 3661 374 3726 inter
397 3660 537 3726 eruditos
559 3661 643 3725 viros
664 3661 757 3726 facile
780 3659 916 3744 aluntur,
943 3680 1034 3740 „nam
1055 3669 1091 3724 ut
1111 3660 1153 3724 ait
1172 3660 1338 3726 Martialis:

491 3769 556 3850 Qui
577 3770 655 3835 velit
675 3770 807 3856 ingenio
831 3771 946 3836 cedere
969 3793 1058 3834 rarus
1084 3771 1170 3834 erit.“

294 3879 350 3946 Sic
369 3879 486 3964 „friget
509 3879 696 3960 humanitas,
714 3887 745 3944 et
759 3900 854 3965 quum
877 3878 1022 3944 alitteris
1044 3879 1122 3943 nihil
1144 3881 1256 3944 abesse
1278 3878 1393 3942 debeat

291 3987 420 4072 longius
453 4010 597 4071 rancore,
635 3987 722 4076 (nam
754 3988 932 4054 communia
961 3996 1050 4054 erant
1083 3987 1182 4053 Musis
1211 3996 1242 4052 et
1272 3984 1390 4052 Gratiis

291 4097 451 4181 quondam
472 4097 585 4184 sacra),
617 4097 816 4182 quorundam
847 4096 961 4179 studia,
992 4117 1199 4182 quaecunque
1229 4104 1314 4177 sunt,
1338 4095 1392 4158 vel

345 4339 372 4408 1)
392 4337 431 4392 XI
449 4338 510 4394 268.
530 4353 605 4407 seqq.
625 4337 687 4393 203.
