3186 5090
823 324 865 388 20

295 507 385 574 lestis
406 504 578 588 doctrinae,
607 507 667 572 aed
699 516 730 572 et
752 507 950 593 reliquarum
972 510 1085 574 artium
1107 516 1142 572 ut
1164 506 1396 596 pulcherrima-

296 639 386 698 rum,
416 615 457 680 ita
491 625 522 680 et
543 616 625 680 vitae
649 597 808 682 humanae
840 617 882 681 ita
905 617 1171 699 necessariarum,
1196 596 1323 681 ut*non
1347 615 1400 680 hic

297 735 354 792 atr
376 725 429 792 vel
457 725 542 812 ignis
567 725 669 812 magis
690 726 891 792 necessarius
917 727 973 792 sit“
982 727 1018 811 ¹).
1061 727 1150 792 Haec
1173 727 1291 807 omnia,
1315 747 1398 810 quae

297 835 537 923 exscripsimus,
555 834 808 900 Melanehtlronis
829 839 927 904 verba
949 836 1085 922 egregie
1105 836 1287 917 ostendunt,
1303 857 1397 920 quam

293 943 418 1011 fortiter
450 964 580 1030 semper
604 964 641 1006 aa
670 952 777 1008 mente
810 944 1001 1025 constiterit,
1037 968 1098 1029 qua
1130 944 1193 1010 iam
1225 944 1397 1010 admodum

294 1050 419 1117 iuvenis
438 1051 471 1116 in
491 1051 596 1138 prima
619 1050 760 1117 oratione
783 1051 982 1138 Vitebergae
998 1053 1103 1118 habita
1124 1053 1396 1140 pronuntiaverat,

292 1185 327 1228 se
350 1161 390 1225 ad
415 1161 576 1226 docendas
595 1170 721 1226 veteres
742 1161 862 1226 litteras
885 1161 963 1226 illuc
984 1171 1129 1228 vocatum
1152 1162 1184 1228 id
1208 1183 1279 1228 esse
1302 1161 1397 1228 officii

296 1271 346 1338 sui
364 1270 517 1352 arbitrari,
542 1279 577 1335 ut
596 1273 770 1352 ,bonorum
794 1269 971 1336 studiorum
995 1281 1027 1334 et
1046 1273 1281 1337 renascentium
1295 1273 1398 1338 Musa-

292 1404 365 1445 rum
388 1403 513 1446 causam
536 1379 698 1445 tutandam
720 1379 871 1467 suscipiat
892 1381 1047 1446 adversus
1070 1385 1248 1448 barbaros.“
1281 1381 1397 1466 Neque

294 1512 412 1554 vanum
434 1497 502 1554 erat
523 1487 681 1553 somnium
695 1487 819 1574 'magna
840 1488 895 1552 illa
917 1509 1002 1576 spes,
1027 1489 1077 1554 cui
1098 1490 1271 1575 indulgere
1294 1513 1329 1554 se
1351 1489 1397 1553 in-

296 1598 455 1664 dicaverat
482 1598 532 1664 his
564 1598 688 1664 verbis:
722 1597 863 1678 ,Videor
890 1597 966 1662 mihi
997 1599 1108 1663 videre
1136 1599 1248 1666 tacitus
1278 1599 1399 1686 aliquot

295 1709 375 1776 locis
398 1708 609 1775 reflorescere
627 1706 831 1774 Germaniam
848 1707 1010 1795 planeque
1031 1709 1173 1776 moribus
1189 1719 1220 1774 et
1240 1710 1400 1776 communi

295 1819 462 1886 hominum
494 1839 591 1883 sensu
616 1817 784 1882 mitescere
809 1828 841 1882 et
865 1817 953 1902 quasi
978 1817 1130 1900 cicurari,
1155 1841 1236 1905 quae
1259 1819 1400 1885 barbaris

297 1928 373 1995 olim
388 1927 564 2016 disciplinis
580 1929 679 1993 effera
696 1926 803 1991 nescio
816 1925 893 2011 quid
906 1926 1042 1992 immane
1055 1928 1147 1993 solita
1163 1939 1210 1994 est
1226 1929 1399 2016 spira1·e“²)

337 2037 446 2102 Tantis
468 2059 545 2102 vero
569 2037 793 2102 humaniorum
815 2036 992 2101 litterarum
1013 2037 1169 2102 fructibus
1188 2037 1210 2100 ii
1225 2037 1321 2124 potiri
1336 2061 1400 2106 non

295 2154 449 2233 possunt,
472 2143 527 2230 qui
548 2144 663 2210 leviter
687 2145 718 2208 in
742 2144 805 2209 illis
834 2145 984 2210 ludentes
1014 2146 1094 2211 nihil
1125 2147 1210 2212 aliud
1244 2157 1401 2233 quaerunt

294 2254 355 2319 nisi
378 2253 438 2320 ocii
467 2253 745 2322 delectamentum.
796 2255 881 2336 ,Nos
889 2303 899 2336 ,
923 2255 1025 2342 inquit
1056 2257 1291 2339 llelanchthon,
1321 2259 1401 2323 haec

296 2363 403 2428 diviua
425 2362 509 2428 dona
531 2371 719 2428 reverenter
742 2372 914 2430 tractemus
936 2387 996 2431 nec
1017 2366 1120 2433 ullum
1145 2367 1239 2432 etiam
1262 2366 1400 2433 studium

296 2483 350 2538 aut
377 2473 540 2553 laborem,
564 2472 641 2537 dum
666 2473 723 2538 illa
752 2475 906 2560 consequi
934 2476 1111 2562 possimus,
1138 2499 1337 2558 recusemus,
1360 2498 1402 2542 ne

297 2581 389 2649 nobis
410 2583 473 2649 hoo
494 2581 614 2647 veteris
634 2591 749 2670 poetae
772 2583 949 2651 occinatur:

418 2694 505 2754 Σῦκα
529 2691 596 2776 φίλ’
622 2691 799 2774 ὀρνίθεσσι,
824 2693 970 2778 φυτεύειν
992 2694 1080 2758 δὀὐκ
1102 2694 1279 2758 ἐθέλουσιν.

416 2800 533 2869 Gratas
556 2802 667 2868 avibus
687 2803 767 2868 ficus
791 2803 850 2868 sed
871 2805 985 2869 nolunt
1007 2805 1093 2868 ferre
1118 2805 1271 2870 laborem.

335 2912 377 2979 Et
388 2911 530 2999 primum
542 2912 672 2998 quidem
684 2913 921 2998 grammaticam
932 2912 1107 2996 ,fideliter“
1116 2913 1294 2978 docendam
1306 2922 1401 2998 atque

296 3020 480 3087 discendam
503 3019 690 3107 saepissime
710 3020 893 3107 inculeat3).
938 3021 1000 3086 Cui
1019 3023 1068 3086 rei
1099 3022 1171 3109 ipse
1204 3021 1329 3110 scriptis
1360 3021 1401 3086 de

297 3131 464 3217 utriusque
487 3130 619 3216 linguae
644 3129 849 3216 grammatica
870 3129 959 3195 libris
980 3130 1137 3196 inservire
1161 3131 1291 3196 studuit.
1316 3131 1401 3196 Tum

299 3249 446 3304 vetorum
473 3237 618 3325 gentium
639 3259 693 3304 res
717 3246 836 3325 gestas,
858 3260 975 3320 mores,
997 3239 1091 3326 leges
1115 3239 1288 3325 diligenter
1314 3239 1403 3304 invo-

298 3346 464 3435 stigandas
497 3369 568 3412 esse
600 3347 746 3412 ostendit.
796 3348 935 3436 ,Optimi
965 3349 1154 3436 scriptores,
1186 3349 1306 3434 inquit,
1336 3371 1401 3414 non

297 3456 531 3543 intelliguntur,
555 3454 617 3520 nisi
638 3455 769 3520 consilia
791 3479 827 3520 ae
849 3457 1029 3522 voluntates
1054 3479 1164 3523 eorum
1189 3457 1232 3522 ita
1256 3457 1400 3523 conside-

294 3587 422 3646 remus,
446 3563 536 3651 quasi
558 3587 622 3629 una
645 3587 715 3630 cum
744 3563 807 3628 illis
834 3564 979 3630 viventes
1002 3565 1117 3630 iisdem
1140 3566 1323 3631 intersimus
1346 3565 1400 3630 de-

296 3673 536 3742 liberationibus
559 3697 595 3738 ac
614 3672 762 3760 negotiis,
783 3673 817 3736 in
841 3673 956 3759 quibus
981 3673 1043 3762 ipsi
1062 3677 1280 3742 versabantur.
1320 3674 1401 3739 Tota

293 3782 479 3871 respublica
500 3791 593 3847 vetus
617 3782 722 3846 animo
744 3780 898 3846 intuenda
919 3790 950 3846 et
973 3782 1014 3847 ad
1037 3793 1243 3870 praesentem
1268 3785 1401 3850 formam

296 3955 494 3966 ——.......-

352 4021 916 4090 rmmmmmmmm

350 4116 561 4186 amma

350 4211 717 4284 suffimmm
