3186 5090
747 368 790 435 45

221 547 324 634 qualis
348 556 397 614 est
417 549 554 614 amentia
574 547 715 636 Epicuri,
739 557 769 614 et
794 549 887 614 huius
909 548 1040 636 generis
1066 547 1222 636 imagines
1243 574 1319 636 pro·

216 666 380 744 ponuntur
398 657 431 721 in
453 657 619 744 poematis,
642 665 678 722 ut
697 657 784 744 apud
803 657 993 744 Euripidem
1013 655 1056 722 ait
1077 655 1234 745 Cyclops:

419 765 493 831 Non
517 766 584 832 ulla
604 767 734 831 numina
758 787 937 851 expavesco
961 765 1120 849 coelitum,

420 874 479 938 sed
500 875 642 940 victimas
664 874 719 938 uni
740 873 887 938 Deorum
913 874 1062 956 maximo,

417 982 530 1064 ventri,
557 983 669 1065 offero,
693 980 783 1062 Deos
804 982 919 1067 ignoro
942 993 1093 1048 caeteros.

262 1092 310 1158 lta
330 1101 444 1178 po'e'tae
467 1115 563 1177 quum
585 1092 726 1158 tribuunt
748 1100 963 1178 contemptum
985 1091 1050 1158 Dei
1072 1093 1187 1158 talibus
1208 1116 1319 1182 porso-

219 1201 268 1266 nis
293 1201 563 1287 degenerantibus
586 1225 602 1266 a
630 1205 742 1266 natu'ra
769 1201 946 1284 hominum,
975 1202 1158 1288 significant
1185 1203 1247 1270 hoc
1275 1205 1320 1268 vl·

219 1311 296 1376 tium
314 1311 487 1397 praecipue
512 1333 583 1376 cum
601 1320 712 1376 natura
733 1311 870 1376 hominis
892 1317 1063 1396 pugnare“
1070 1313 1107 1401 ¹).
1129 1310 1201 1377 Hoc
1222 1313 1321 1398 igitur

220 1420 282 1484 iam
304 1420 373 1507 ipse
393 1421 450 1484 lex
468 1429 598 1486 namrne
619 1443 677 1486 nos
703 1421 805 1487 docet.
840 1421 907 1488 Sed
930 1444 996 1486 non
1016 1431 1122 1506 potest
1142 1423 1320 1488 facultatem

221 1537 315 1613 atque
336 1529 421 1594 vires
444 1529 535 1592 nobis
557 1529 732 1616 impertire,
756 1531 869 1615 quibus
899 1553 976 1596 vere
999 1529 1107 1595 Deum
1137 1531 1319 1618 diligamus,

222 1659 351 1702 omnem
373 1636 520 1703 fiduciam
543 1637 576 1700 in
601 1659 816 1723 seponamus
842 1661 978 1724 eumque
1001 1639 1113 1726 spiritu
1137 1649 1168 1704 et
1189 1640 1320 1706 veritate

222 1746 404 1811 adoremus.
446 1745 512 1810 Hcs
530 1754 633 1825 tantas
656 1768 709 1812 res
732 1746 836 1810 solum
860 1748 1062 1834 evangelium
1088 1749 1193 1814 efficit.

265 1853 302 1917 ld
323 1862 359 1917 ut
382 1854 589 1941 conspicuum
612 1855 661 1937 sit,
676 1854 901 1920 Melanchthon
923 1857 1110 1945 saepissime
1134 1859 1320 1925 consolatio·

220 1983 278 2027 nes
306 1962 530 2048 philosophiae
563 1985 635 2027 cum
668 1963 935 2032 consolationibus
967 1966 1122 2032 ecclesiae
1151 1976 1321 2055 comparat.

221 2071 324 2158 quue
347 2071 519 2158 aptissime,
542 2093 639 2156 quum
663 2081 693 2136 ct
713 2074 747 2136 in
765 2073 866 2137 veteri
888 2074 1092 2160 philosophia
1114 2084 1145 2140 et
1166 2076 1198 2140 in
1220 2077 1322 2142 eccle-

220 2181 268 2246 sis
292 2201 423 2266 semper
448 2179 544 2245 officii
569 2202 639 2245 esse
662 2181 874 2247 existimatum
895 2184 944 2267 sit,
969 2184 1123 2270 optimum
1141 2185 1321 2251 infelicibus

219 2298 314 2374 atque
334 2288 460 2352 miseris
481 2288 628 2353 solatium
646 2290 815 2374 praebere.
865 2290 1036 2358 Examinat
1054 2294 1153 2378 igitur
1176 2294 1325 2360 diversos-

224 2402 324 2481 looos,
354 2427 373 2467 a
404 2403 516 2488 quibus
548 2397 751 2486 philosophia
785 2401 939 2486 expetivit
972 2401 1212 2485 consolationes,
1243 2403 1323 2467 sicut

224 2534 242 2576 e
264 2513 462 2594 necessitate,
487 2537 505 2578 a
527 2511 681 2596 dignitate
695 2510 829 2591 virtutis,
847 2535 865 2576 e
880 2513 963 2600 bona
985 2510 1184 2576 conscientia.
1207 2506 1322 2576 Osten-

226 2621 272 2685 dit
292 2621 420 2708 passim,
449 2621 593 2708 quamvis
621 2621 750 2686 insitio
779 2620 816 2685 iis
838 2620 958 2706 aliquid
986 2621 1056 2685 veri
1079 2621 1165 2706 quod
1188 2622 1281 2686 etiam
1305 2646 1323 2687 a

189 2791 192 2797 .
225 2728 412 2795 Christianis
438 2729 569 2794 retineri
590 2730 701 2815 possit,
724 2738 831 2793 tamen
859 2751 924 2794 non
953 2729 1103 2794 sulficere
1134 2729 1189 2795 illa
1219 2730 1324 2795 omnia

224 2838 264 2903 ad
286 2859 363 2904 vere
389 2840 600 2906 consolandos
623 2839 769 2922 miseros,
793 2839 851 2905 sed
880 2841 949 2904 sine
978 2862 1036 2923 spe
1066 2848 1097 2905 et
1119 2839 1237 2906 fiducia
1256 2838 1321 2904 Dei
1364 2867 1367 2874 ¹

224 2968 295 3017 esse
341 2969 448 3013 meros
494 2948 647 3030 ιάλὲμους
687 2949 721 3013 id
760 2957 808 3014 est
848 2949 966 3014 cantica
1006 2957 1219 3014 mortuorum:
1263 2947 1321 3026 „ist

222 3054 298 3119 lein
321 3056 449 3121 rcchtcr
468 3055 573 3139 Trost,
596 3057 665 3142 gibt
685 3057 761 3121 kcin
777 3055 890 3122 Leben
912 3056 995 3122 noch
1011 3057 1170 3138 Frende“,
1193 3065 1228 3121 nt
1252 3078 1323 3120 ver·

224 3163 338 3228 nacula
360 3163 472 3248 lingua
492 3164 590 3228 addit.
641 3163 886 3251 „Philosophica
912 3165 1063 3249 patientis
1096 3173 1143 3229 est
1170 3165 1202 3228 in
1234 3185 1322 3228 aeru-

142 3311 144 3313 ·
224 3273 304 3336 mnis
328 3274 552 3359 obtemperare
572 3272 697 3354 rationi,
720 3273 854 3358 nequid
877 3281 986 3338 contra
999 3273 1150 3339 decomm
1170 3271 1320 3338 faciamus

223 3389 276 3444 ent
297 3389 406 3445 contra
426 3381 574 3446 iustitiam
596 3389 730 3467 propter
751 3380 897 3446 dolorem
922 3380 1028 3444 animi.
1079 3361 1200 3465 Longe
1218 3380 1320 3444 maius

223 3477 344 3573 aliquid
368 3498 416 3553 est
435 3489 584 3575 patientia
614 3488 790 3568 christiana,
823 3510 904 3572 quae
933 3497 980 3553 est
1008 3487 1142 3554 obedire
1162 3487 1237 3553 Deo
1263 3509 1324 3552 neo

222 3605 354 3683 propter
385 3597 530 3662 dolorem
562 3597 668 3663 facere
701 3597 821 3681 aliquid
852 3606 961 3662 eontra
992 3596 1101 3661 Deum
1134 3606 1187 3663 aut
1215 3605 1324 3662 contra

222 3705 371 3769 mandata
394 3705 471 3788 eius,
496 3713 527 3769 et
550 3713 597 3770 est
619 3705 736 3770 fidncia
755 3705 955 3792 praescntiae
970 3705 1042 3771 Dei
1064 3715 1174 3790 petere
1198 3714 1229 3770 et
1251 3726 1323 3787 spe·

222 3833 334 3877 nares
357 3811 431 3877 Deo
461 3812 693 3899 mitigationem
723 3823 776 3879 aut
807 3814 1056 3881 liberationem.“
1100 3812 1324 3899 'Philosophia

224 3919 282 3986 ait:
309 3919 475 4007 „Dignitas
500 3921 623 3986 virtutis
645 3924 743 3988 debet
764 3923 916 4006 eminere,
933 3921 1121 4005 obedientia,
1138 3923 1323 4008 constantie3

224 4049 289 4092 non
315 4028 414 4095 debes
436 4029 634 4096 consciscere
654 4030 710 4096 tibi
731 4041 884 4097 mortem:

227 4205 424 4218 —————

278 4268 304 4338 1)
324 4269 387 4325 xvi
408 4271 451 4326 29.
472 4287 528 4340 seq.
