3186 5090
701 366 741 430 79

164 546 240 614 Divi
274 549 364 614 Pauli
403 549 587 640 epistolas¹)
631 550 832 635 Hieronymo
861 550 1068 632 Alexandro,
1109 549 1263 635 archiepi-

164 680 262 746 scopo
284 657 517 740 Brundisiensi,
542 660 676 741 dedicat,
700 659 884 746 Philippum
905 659 1183 726 Melanehthonem
1209 659 1264 724 do-

165 769 335 836 ctissimum
361 780 391 836 et
421 771 677 836 candidissimum
707 771 811 834 virum
840 769 991 850 nominat,
1015 789 1114 852 seque
1137 767 1169 832 in
1191 789 1263 832 sex-

163 886 230 942 tum
254 900 397 944 mensem
419 879 567 944 illumin
589 877 720 943 Prussia
743 867 1116 963 expectarcpraefatus:
1154 875 1265 954 „Puta-

166 985 265 1068 batur,
289 987 400 1073 inquit,
423 989 456 1052 in
483 987 671 1056 Sarmatiam
708 995 820 1071 rogatu
852 987 1050 1072 quorundam
1076 1005 1266 1070 magnorum

165 1109 329 1184 venturus,
354 1101 439 1186 quod
471 1102 497 1166 si
527 1102 643 1166 factum
665 1112 750 1166 esset
779 1110 810 1166 et
842 1101 918 1166 mihi
943 1100 1082 1186 colloqui
1111 1123 1182 1166 eum
1211 1097 1266 1162 illo

165 1209 315 1292 licuisset,
342 1211 611 1296 quemadmodum
639 1214 678 1277 ab
701 1211 790 1276 annis
823 1233 888 1275 non
918 1209 1025 1296 paucis
1047 1209 1266 1276 ardentissimo

167 1320 282 1407 cupivi,
303 1323 390 1387 hunc
410 1323 553 1388 laborem
576 1323 709 1388 sortasse
734 1321 895 1388 scribendi
916 1320 1080 1406 suscipere
1095 1319 1172 1384 mihi
1186 1342 1266 1406 opus

164 1454 228 1498 non
249 1412 375 1514 fuisset3
412 1433 595 1500 maluissem
622 1432 705 1498 enim
725 1433 816 1497 illum
836 1455 893 1496 sua
915 1430 1013 1514 ipsius
1036 1429 1182 1494 nonnihil
1200 1453 1266 1495 mu-

165 1547 243 1623 tare,
266 1564 358 1626 quam
380 1543 461 1607 haec
481 1542 515 1606 in
536 1543 642 1607 lucem
663 1542 770 1606 edere.
806 1539 1037 1624 Qualccunquc
1059 1539 1184 1603 interim
1207 1540 1269 1604 hoc

166 1651 235 1733 erit,
257 1673 353 1738 sporo
376 1673 437 1734 pro
460 1653 564 1718 innata
591 1651 639 1715 illi
668 1652 834 1733 modestia,
858 1672 953 1735 quam
976 1651 1068 1714 etiam
1091 1649 1198 1713 hostes
1220 1649 1267 1712 illi

165 1759 325 1847 insignem
347 1760 497 1841 tribuunt,
521 1761 596 1826 boni
627 1759 855 1840 consulturum,
881 1759 981 1823 sicubi
1005 1761 1044 1824 ab
1067 1757 1123 1821 illo
1146 1758 1267 1822 dissen-

164 1878 266 1934 sero.“
292 1909 329 1922 -
354 1869 395 1934 Et
415 1871 525 1956 plures
548 1892 646 1935 annos
667 1879 740 1955 post
761 1868 894 1934 Iacobus
917 1867 1087 1934 Sadoletus
1112 1866 1266 1932 Cardine·

165 1978 204 2042 lis
224 1979 295 2064 ipsc
320 1979 556 2044 Melanchthoni
588 1979 723 2066 scripsit,
735 1977 761 2065 2)
794 1998 829 2042 se
853 1975 974 2041 Romae
1005 1974 1145 2060 quotidie
1167 1975 1268 2040 ferme

165 2086 284 2170 aliquid
306 2088 346 2154 de
370 2089 520 2174 operibus
544 2089 611 2154 eius
635 2095 761 2152 nactum
783 2107 864 2168 csse,
897 2107 976 2170 quac
1000 2094 1032 2149 et
1052 2094 1187 2172 propter
1211 2107 1267 2149 ex-

165 2196 285 2262 cellens
300 2199 366 2262 eius
380 2197 555 2283 ingenium,
579 2206 610 2261 et
624 2205 757 2282 propter
780 2195 971 2281 elegantiam
995 2193 1143 2258 orationis
1160 2193 1261 2259 liben-

163 2304 284 2370 tissime
306 2307 421 2392 legere
446 2307 561 2370 solitus
584 2307 632 2371 sit.
676 2305 742 2387 „1d,
770 2304 871 2390 inquit
891 2325 1046 2389 pergens,
1071 2325 1168 2388 quum
1198 2324 1265 2366 sae-

166 2415 236 2502 pius
264 2416 401 2480 facerem
430 2439 609 2503 magnaque
638 2417 669 2480 iu
696 2417 839 2502 legendo
873 2414 1084 2480 delectatione
1107 2414 1264 2495 afficerer,

162 2524 247 2588 sensi
270 2526 422 2612 paulatim
455 2527 532 2592 mihi
561 2526 689 2592 incendi
714 2526 853 2590 animum
881 2524 923 2588 ad
945 2524 1104 2610 quandam
1125 2527 1265 2590 benevo-

161 2634 292 2698 lentiam
314 2636 451 2700 nominis
475 2635 520 2700 tui
543 2656 645 2722 usque
670 2635 868 2721 ecquidem,
891 2643 925 2698 ut
945 2634 1026 2698 miro
1051 2635 1187 2726 quodam
1202 2643 1264 2698 stu·

162 2741 214 2806 dio
238 2752 344 2807 tecum
368 2744 527 2810 ineundae
548 2745 704 2810 amicitiae
724 2753 863 2808 tenerer.
914 2742 982 2808 Etsi
1006 2742 1088 2808 enim
1111 2742 1265 2807 nonnulla

163 2862 230 2916 erat
262 2852 345 2917 inter
374 2874 432 2917 nos
462 2853 647 2938 opinionum
680 2854 846 2936 dissensi0,
879 2875 916 2918 ea
947 2861 1053 2918 tamen
1086 2852 1265 2916 animorum

163 2960 330 3025 dissidium
351 2962 436 3046 apud
464 2962 606 3047 ingenue
638 2963 780 3028 eruditos
809 2962 939 3027 minime
961 2961 1105 3027 faciebat.
1127 2997 1170 3010 --
1187 2959 1266 3024 Non

163 3071 247 3135 enim
271 3092 335 3156 ego
359 3071 385 3134 is
409 3094 488 3154 sum,
515 3073 568 3157 qui
590 3081 625 3136 ut
656 3076 788 3159 quisque
811 3097 828 3136 a
854 3071 945 3140 nobis
970 3071 1121 3157 opinione
1143 3070 1264 3134 dissen-

160 3176 207 3259 tit,
230 3180 334 3241 statim
355 3199 428 3242 eum
451 3177 525 3243 odio
547 3179 709 3244 habeam.“
753 3179 855 3243 Addit
876 3201 911 3242 se
931 3199 1073 3262 sperare,
1095 3178 1157 3241 hoc
1176 3178 1263 3262 apud

163 3286 253 3352 illum
273 3286 426 3372 ponderis
450 3311 522 3353 suas
550 3289 668 3353 litteras
698 3288 868 3370 habiturae,
890 3298 926 3351 ut
949 3288 1001 3372 qui
1026 3287 1170 3352 locorum
1194 3309 1264 3372 spa·

162 3396 212 3458 tiis
236 3396 382 3462 disiuncti
397 3397 468 3479 sint,
486 3397 597 3464 animis
621 3407 727 3462 tamen
740 3407 771 3462 et
784 3397 1007 3464 benevolentia
1022 3395 1264 3480 coniungantur.

205 3502 301 3568 Tales
324 3506 410 3571 viros
435 3506 488 3590 qui
509 3504 551 3570 ita
580 3506 620 3570 de
640 3505 895 3585 Melanchthone,
929 3503 1104 3588 evangelici
1128 3502 1264 3575 nominis

168 3613 296 3697 decora,
322 3615 459 3680 sentiant
480 3625 573 3700 atquc
602 3615 749 3697 iudicent,
772 3614 864 3680 etiam
887 3636 972 3678 nunc
991 3613 1023 3676 in
1046 3613 1181 3679 ecelesia
1202 3613 1265 3678 Ro-

160 3725 422 3790 mano-catholica
441 3725 603 3792 inventum
625 3726 663 3790 iri
685 3747 860 3811 speramus.
886 3724 1101 3805 Inveniemur,
1120 3724 1262 3789 simodo

160 3832 222 3895 viri
243 3831 387 3899 Sadoleti
409 3834 529 3900 similes
562 3844 593 3900 et
622 3835 788 3900 veritatem
821 3844 914 3920 atque
944 3836 1134 3922 aequitatem
1162 3834 1262 3919 pluris

169 4005 367 4014 m...—

216 4070 241 4140 1)
261 4069 547 4138 „Commentariolus“
577 4070 606 4124 in
625 4087 688 4140 epp.
708 4070 841 4125 aditam.
862 4073 891 4124 et
909 4069 967 4124 Gal.
988 4068 1101 4124 Gracov.
1121 4069 1199 4124 1534.
1220 4069 1260 4123 Cf.

161 4163 281 4232 Strobel,
299 4165 520 4220 Melanohthon’a
539 4167 703 4222 Verdienste
729 4185 776 4222 um
793 4167 838 4221 die
856 4166 919 4221 heil.
939 4165 1044 4220 Schrift
1061 4183 1087 4235 p.
1106 4165 1166 4220 107.
1185 4182 1260 4233 seqq.

213 4261 241 4331 2)
259 4262 288 4316 0.
308 4262 341 4316 R.
361 4262 400 4316 ΠΙ
420 4264 482 4319 379.
503 4280 579 4333 seqq.
