3186 5090
735 353 773 416 ll

200 533 363 602 hominem
379 534 455 620 egit.
484 533 559 620 lpse
583 534 623 600 de
646 555 681 600 se
700 534 814 599 festive
829 535 982 619 loquens:
1007 532 1298 618 ,Quidaminquib

208 646 249 710 de
270 666 323 709 me
345 665 406 732 per
428 643 533 708 iocum
558 644 685 710 dicunt:
720 643 887 732 Philippus
911 645 993 711 canit
1015 646 1150 711 eandem
1175 645 1301 710 cantile-

199 777 283 820 nam.
307 752 437 819 Utinam
458 753 491 816 in
511 763 578 820 tota
598 755 784 820 aeternitate
804 778 934 840 possem
958 755 1092 820 eandem
1112 755 1301 820 cantilenam

201 867 333 946 canere“
343 861 381 949 ¹).
403 837 492 926 lnier
515 861 669 928 acerrima
690 862 746 928 illa
769 863 900 928 dissidia
923 885 960 929 ea
980 863 1175 927 humanitate
1190 872 1221 927 et
1235 884 1301 927 mo-

207 973 308 1036 destia
332 995 407 1036 usus
435 981 491 1055 est,
520 980 565 1053 ut,
597 972 738 1056 quamvis
759 973 842 1037 etin
862 972 1000 1058 publicis
1021 972 1302 1058 utriusquepartis

202 1081 349 1167 negociis
373 1090 467 1167 atque
490 1081 666 1166 colloquiis,
683 1083 759 1146 etin
776 1082 906 1146 eruditis
922 1081 1196 1166 disputationibus,
1211 1103 1302 1168 prae·

205 1191 316 1275 eipuus
340 1185 573 1255 reformationis
597 1191 828 1256 ecclesiastieae
852 1192 1004 1256 defensor
1028 1199 1059 1254 et
1079 1199 1113 1254 ut
1135 1191 1177 1254 ita
1200 1191 1302 1255 dicam

201 1297 361 1386 interpres
384 1299 491 1381 fuerit,
514 1309 621 1364 tamen
646 1300 738 1364 etiam
760 1299 900 1365 melioris
921 1309 1015 1364 notae
1036 1298 1211 1363 adversarii
1231 1321 1302 1364 cum

200 1407 368 1492 ingenium
402 1406 469 1471 eius
502 1417 533 1472 et
564 1408 740 1474 doctrinam
768 1419 835 1473 tum
864 1408 960 1473 animi
997 1409 1168 1474 eandorem
1204 1429 1301 1492 agno-

203 1527 339 1582 scerent.
370 1517 477 1598 Quare
498 1517 649 1584 Erasmus
672 1521 704 1583 in
722 1520 835 1584 litteris
858 1520 898 1584 ad
913 1517 1029 1582 Iulium
1041 1517 1203 1602 Pfiugium
1226 1517 1301 1581 scri-

201 1629 263 1711 ptis
273 1627 315 1713 2l:
332 1625 523 1716 „Philippus
535 1627 772 1710 Melanchthon,
783 1629 893 1714 inquit,
906 1636 1034 1715 praeter
1055 1627 1216 1712 insignem
1232 1648 1302 1690 eru-

203 1735 357 1800 ditionem
370 1747 401 1800 ct
417 1759 521 1801 raram
546 1737 758 1823 eloquentiam
777 1738 874 1803 habet
894 1736 1028 1822 gratiam
1050 1736 1206 1820 quandam
1228 1736 1302 1799 lata-

202 1845 277 1927 lem,
304 1868 397 1930 quam
418 1847 515 1933 genio
538 1870 595 1912 suo
619 1847 717 1911 debet
737 1847 841 1931 potius
866 1869 959 1931 quam
980 1845 1123 1930 ingenio,
1148 1854 1182 1908 ut
1204 1867 1302 1929 quum

201 1954 241 2017 sit
256 1954 401 2020 omnibus
419 1955 562 2020 candidis
578 1954 787 2040 gratissimus,
808 1976 849 2018 nc
867 1954 953 2040 apud
973 1955 1080 2018 hostes
1101 1953 1229 2038 quidem
1248 1953 1301 2016 ha-

200 2065 274 2127 beat
296 2064 466 2147 quendam,
490 2065 540 2129 eui
562 2065 602 2128 sit
624 2063 797 2128 admodum
817 2067 971 2128 exosus.“
1005 2062 1046 2126 Et
1066 2085 1142 2127 sane
1164 2085 1232 2126 rem
1257 2063 1303 2124 ita

199 2193 235 2235 se
257 2171 377 2236 habere
398 2173 554 2255 videmus,
579 2173 605 2236 si
627 2171 772 2236 homines
795 2171 944 2236 fanaticos
964 2173 1184 2256 bonarumque
1211 2171 1292 2237 litte-

199 2302 305 2344 rarum
333 2302 442 2345 osores
473 2281 660 2367 excipimus.
703 2279 730 2343 Ii
754 2281 849 2362 enim,
872 2280 939 2344 sive
965 2281 1203 2362 catholicorum,
1226 2282 1295 2345 sive

202 2386 463 2472 evangelicorum
485 2389 613 2453 nominc
637 2387 864 2474 gloriabantur,
878 2411 1006 2476 semper
1017 2390 1297 2454 Melanchthonem

200 2496 274 2561 odio
304 2497 472 2563 habebant.
515 2495 604 2562 Inter
632 2498 691 2561 hos
720 2521 818 2562 unum
841 2497 999 2564 Goezium
1019 2498 1300 2583 Hamburgensem

198 2629 435 2690 memoramus,
472 2609 718 2674 furiosissimum
753 2607 1007 2672 Melanchthonis
1039 2601 1300 2692 obtrectatorem,

198 2716 261 2801 qui,
294 2717 448 2802 quidquid
480 2718 514 2780 in
547 2718 614 2782 eius
648 2720 789 2784 favorem
822 2740 927 2804 nuper
959 2717 1077 2782 dictum
1112 2728 1169 2799 est,
1197 2718 1298 2783 homi-

197 2825 246 2889 uis
269 2825 396 2910 angusti
419 2834 450 2889 et
469 2827 604 2908 fanatici,
621 2828 807 2914 evangelieo
821 2826 950 2892 nomine
964 2826 1097 2912 indigni,
1114 2829 1300 2912 exemplum

198 2934 305 3000 manet
326 2936 540 3020 manebitque.
586 2935 701 3016 Quem¹
714 2960 809 3022 quum
831 2937 1014 3002 doctissime
1038 2939 1190 3001 refutaret
1211 2936 1298 3003 Stre·

198 3045 312 3126 bellus,
336 3043 407 3109 iure
428 3045 511 3110 libro
534 3068 592 3110 suo
615 3046 801 3132 praeposuit
821 3045 996 3112 Camerarii
1019 3047 1155 3111 verbum
1178 3045 1320 3122 deMe·,

196 3153 389 3218 lanchthonc
416 3153 593 3239 prolatum:
631 3153 772 3238 „Nescio
802 3176 864 3241 quo
895 3165 986 3241 pacto
1017 3155 1109 3219 huius
1131 3155 1192 3218 viri
1216 3155 1298 3220 diota

198 3273 228 3328 et
260 3264 342 3329 facta
372 3263 442 3328 fere
473 3263 579 3328 omnia
599 3274 757 3352 perpetuo
781 3264 870 3350 quasi
888 3265 1017 3350 signum
1042 3264 1202 3350 quoddam
1223 3287 1297 3350 pro-

198 3372 301 3456 posita
323 3374 461 3455 fuerunt,
483 3374 524 3438 ad
541 3374 627 3458 quod
643 3373 799 3460 dirigeret
814 3373 913 3438 veluti
927 3374 1055 3459 sagittas
1070 3373 1297 3440 calumniarum

199 3489 231 3544 et
255 3483 519 3567 obtrectationum
542 3483 676 3548 levitatis
699 3483 920 3568 improbitasss“

238 3591 328 3656 Haec
349 3593 453 3658 omnia
474 3616 569 3658 nemo
592 3594 734 3681 prudens
756 3595 799 3658 ita
810 3594 892 3658 dieta
912 3596 1043 3681 putabit,
1061 3595 1148 3680 quasi
1166 3603 1293 3658 conten-

198 3701 357 3784 deremus,
380 3703 485 3787 ipsum
505 3703 784 3769 Melanchthcnem
812 3703 960 3767 intentis
990 3703 1053 3766 illis
1078 3702 1216 3768 dissidiis
1249 3702 1296 3787 (id

198 3809 283 3894 quod
308 3809 498 3896 plusquam
529 3811 690 3876 hominem
714 3811 940 3896 desiderasset)
977 3833 1137 3896 nunquam
1162 3832 1295 3892 errasse,

196 3939 358 4006 nunquam¹
378 3917 475 3982 nimio
500 3922 614 3986 all'eetu
638 3924 805 4008 abreptum
830 3942 910 4002 esse,
926 3941 1088 4004 nunquam
1105 3919 1294 3986 adversariis

249 4139 274 4208 1)
290 4139 367 4193 XXV
385 4139 446 4194 781.
484 4221 486 4226 Ι

250 4237 276 4306 2)
294 4233 404 4290 Erasmi
421 4253 484 4308 epp.
501 4233 604 4288 XXVII
622 4237 647 4290 2.
667 4235 710 4290 ed.
728 4234 816 4289 Lond.
835 4253 862 4304 p.
882 4235 960 4290 1487.
