3186 5090
736 365 778 430 25

210 549 293 630 ait¹).
336 547 442 634 ,Egm
462 548 579 632 inquit,
603 555 639 611 ut
661 567 772 612 verum
805 549 920 629 fatear,
943 547 1001 612 etsi
1031 569 1095 612 non
1124 545 1166 610 ita
1194 544 1310 612 oblitus

211 681 281 724 sum
311 657 385 737 mei,
407 665 442 720 ut
466 657 529 721 hoe
550 655 627 721 mihi
651 679 779 721 sumere
802 659 912 736 ausim,
936 679 987 720 me
1010 655 1080 720 illas
1109 655 1258 741 ingentes
1282 664 1312 719 et

211 765 460 830 innumerabiles
491 764 656 829 Homerici
688 766 844 852 po'e'matis
880 764 1002 830 divitias
1032 784 1143 829 omnes
1178 783 1311 828 cernere

212 883 266 940 aut
285 893 481 959 cognoscere
510 895 618 959 posse,
640 883 747 938 tamen
769 875 831 940 hoc
852 875 948 961 plane
971 873 1047 938 mihi
1076 872 1222 938 accidere
1240 893 1311 936 scn-

212 983 266 1063 tio,
295 991 339 1063 ut,
370 980 641 1066 quemadmodum
672 981 726 1046 ille
760 982 810 1064 ait,
836 983 965 1070 inopem
998 1005 1050 1046 me
1085 981 1177 1067 copia
1211 981 1313 1044 faciat.

211 1077 397 1179 Multiplicia
427 1090 510 1156 enim
539 1113 591 1156 me
622 1095 659 1158 ab
684 1091 769 1158 omni
801 1101 891 1179 parte
915 1091 1004 1156 velut
1034 1089 1140 1155 divina
1162 1089 1314 1154 miracula

213 1200 411 1267 occurrentia
433 1201 595 1266 attonitum
619 1223 878 1288 suspensumque
908 1208 1035 1281 tenent,
1057 1209 1092 1264 nt
1122 1197 1251 1263 difficile
1274 1197 1314 1262 sit

212 1311 300 1378 unde
325 1311 475 1376 exordiar
497 1319 550 1374 aut
572 1310 605 1374 in
626 1331 689 1396 quo
714 1309 867 1391 desinam,
885 1315 1051 1376 statuere.“
1076 1306 1221 1390 ,Censeo
1243 1309 1313 1372 nul·

211 1421 279 1486 lum
300 1443 441 1505 unquam
463 1419 626 1505 scriptum,
649 1418 724 1482 inde
747 1441 850 1504 usque
872 1443 890 1482 a
911 1418 1050 1506 primum
1074 1416 1200 1483 condito
1222 1419 1310 1497 orbe,

211 1531 277 1594 ulla
300 1531 333 1594 in
354 1530 467 1616 lingua
489 1538 542 1593 aut
565 1529 702 1610 natione,
728 1531 766 1594 ab
785 1529 853 1594 ullo
875 1529 1014 1594 humano
1035 1527 1168 1614 ingenio
1190 1525 1310 1593 editum

214 1661 405 1719 esse,sac1·a
429 1639 548 1723 ubique
572 1638 848 1724 excipiamque
872 1637 924 1702 vel
948 1637 1108 1701 doctrinae
1130 1643 1251 1701 tantum
1275 1635 1314 1700 sit

212 1751 265 1814 vel
288 1749 466 1834 elegantiae
490 1757 522 1812 et
544 1747 732 1812 suavitatis.“
772 1746 872 1828 ,Sunt
891 1746 957 1811 illic
982 1746 1023 1810 de
1047 1745 1195 1811 omnibus
1216 1748 1314 1811 rebus

212 1883 248 1923 ac
270 1858 412 1944 negociis
434 1858 651 1944 cogitationes,
670 1879 750 1942 quae
768 1857 898 1942 quidem
914 1860 951 1922 ab
971 1855 1038 1919 ulla
1051 1856 1190 1920 humana
1205 1864 1312 1920 mente

213 1966 336 2054 concipi
358 1975 502 2053 possunt,
525 1965 783 2046 humanissimae,
807 1965 1008 2028 dulcissimae
1033 1973 1063 2029 et
1079 1964 1173 2028 simul
1187 1963 1313 2050 sapien-

213 2076 381 2140 tissimae.“
403 2073 488 2156 ,Etsi
509 2074 609 2160 igitur
631 2082 702 2160 post
725 2073 793 2138 eins
816 2081 950 2138 aetatem
972 2073 1112 2138 effloruit
1136 2073 1210 2137 satis
1233 2071 1313 2138 felix

213 2193 379 2272 poetarum
412 2193 599 2271 proventus,
632 2183 702 2270 ipse
732 2191 838 2246 tamen
871 2204 1001 2268 semper
1031 2206 1142 2262 suum,
1174 2183 1236 2246 hoe
1267 2188 1315 2245 est

214 2316 373 2360 summum
397 2317 433 2358 ac
455 2293 633 2380 principem
656 2292 763 2358 locum
785 2291 886 2356 tenuit
907 2301 938 2355 et
952 2314 1035 2356 unus
1060 2290 1215 2372 omnibuS,
1232 2312 1313 2376 quos

211 2403 277 2467 ulla
300 2403 372 2468 tulit
392 2412 489 2485 aetas,
513 2405 616 2490 po'e‘tis
638 2405 776 2490 palmam
798 2401 1002 2488 praeripuit.“
1045 2401 1088 2464 lis
1113 2399 1222 2486 quiin
1245 2399 1311 2464 Ho-

209 2534 299 2578 mero
325 2512 597 2599 vituperaverunt,
621 2510 707 2598 quod
731 2511 856 2596 magnis
884 2533 920 2574 ae
946 2507 1084 2574 heroicis
1106 2507 1183 2573 viris
1207 2507 1310 2592 lacry-

209 2645 276 2687 mas
297 2621 501 2703 attribuisset,
524 2621 641 2686 haecce
663 2621 857 2707 respondet:
877 2618 932 2700 ,ld
953 2642 1009 2684 eur
1026 2617 1312 2705 reprehensionem

210 2740 373 2796 mereatur
394 2753 458 2795 non
484 2729 597 2810 video,
626 2729 690 2793 imo
718 2749 796 2793 vero
826 2727 1002 2816 praecipue
1030 2725 1225 2790 laudandum
1253 2725 1315 2790 hoc

211 2839 287 2906 mihi
311 2839 439 2904 videtur
463 2860 543 2919 esse,
571 2838 658 2924 quod
683 2861 749 2903 non
778 2838 917 2929 stultam·
933 2836 1020 2900 illam
1045 2845 1076 2900 et
1098 2835 1315 2922 imaginariam

213 2949 394 3019 Stoicorum
416 2947 577 3010 antidana
598 2946 775 3028 somniavit,
786 2946 845 3012 sed
868 2946 947 3011 tales
968 2968 1077 3011 rerum
1099 2953 1192 3030 atque
1212 2944 1313 3009 homi·

212 3081 291 3123 num
312 3057 469 3144 imagines
490 3058 667 3144 proposuit,
690 3057 800 3142 quales
825 3065 933 3120 essent
955 3055 987 3118 in
1017 3077 1126 3120 rerum
1149 3063 1261 3118 natura
1285 3063 1316 3118 et

212 3168 289 3248 vita3
310 3189 376 3232 non
388 3167 481 3231 finxit
491 3167 694 3254 prodigiosas
717 3175 748 3232 et
769 3165 960 3231 acommuni
980 3164 1119 3228 humano
1142 3185 1238 3228 sensu
1260 3164 1315 3227 ab·

213 3278 384 3343 horrentes
416 3277 597 3363 opiniones,
620 3276 679 3342 sed
711 3297 748 3340 ea
776 3293 834 3340 suo
864 3273 1002 3339 carmine
1033 3272 1209 3358 expressit,
1232 3291 1314 3357 quae

214 3408 309 3472 quam
333 3383 473 3450 maxime
501 3393 608 3450 essent
631 3384 741 3449 usitata
772 3384 804 3446 in
833 3382 897 3446 vita
928 3391 958 3446 et
990 3389 1200 3446 consentanea
1232 3403 1315 3445 com-

214 3496 303 3560 muni
328 3494 474 3576 sensuif‘·
1137 3477 1140 3484 Α

255 3603 383 3688 Adlicio
404 3625 486 3690 quae
517 3603 558 3668 de
580 3602 728 3688 Virgilio,
751 3623 793 3666 ex
815 3600 1066 3666 Melanchthonis
1090 3621 1146 3665 ore
1169 3591 1314 3687 ex'cepta,

213 3714 327 3779 tradita
346 3715 467 3796 su11t2).
519 3711 625 3789 „Nihil
647 3733 755 3776 moror
776 3711 864 3775 illam
887 3711 1036 3792 fabulam,
1060 3733 1121 3796 qua
1142 3709 1315 3797 Virgilium

214 3847 286 3888 cum
306 3822 461 3902 Homero,
493 3821 637 3886 Hesiodo
669 3830 700 3886 et
730 3820 902 3886 Theocrito
926 3822 1093 3886 conferunt
1122 3827 1153 3884 et
1172 3819 1316 3884 Homero

224 3989 420 3998 ———-—-..

268 4077 294 4146 1)
312 4075 388 4130 Haec
407 4077 436 4127 et
455 4073 599 4142 sequentia
619 4090 634 4127 e
654 4071 827 4143 praefatione
844 4071 1065 4126 Melanchthonis
1081 4072 1111 4127 in
1128 4073 1280 4128 Homerum
1298 4089 1314 4126 a

215 4170 387 4228 Wiushemio
406 4169 512 4224 editum
530 4170 696 4240 deprompta
714 4173 786 4224 sunt.
806 4169 834 4223 C.
853 4168 886 4222 R.
905 4167 944 4221 XI
962 4168 1022 4224 397.
1042 4185 1098 4236 seq.

269 4266 295 4336 2)
313 4265 379 4318 XIX
396 4266 459 4320 860.
479 4281 536 4334 seq.
