3186 5090
845 343 885 411 76

309 535 405 609 aetas,
428 526 539 612 inquit,
569 547 664 612 quam
693 535 769 592 tunc
798 526 1079 592 reflorescentibus
1104 533 1266 610 utcunque
1299 526 1413 591 litteris

310 639 526 722 sperabamus,
558 644 665 700 secuta
687 644 771 700 esset
800 644 832 700 ct
862 634 954 700 nobis
986 635 1089 699 ocium
1114 635 1235 717 fuisset,
1269 636 1411 701 fortassis

310 743 451 827 laetiora,
475 744 621 808 nitidiora
645 752 676 808 et
696 743 813 809 scholis
838 743 979 829 gratiora
994 743 1241 830 scripsissemus.
1284 743 1351 810 Sed
1369 745 1411 808 la-

310 853 381 917 talis
408 853 578 934 discordia,
609 874 690 938 quae
711 863 823 939 postea
844 862 951 917 secuta
975 862 1031 934 est,
1066 861 1097 917 et
1117 875 1188 917 mea
1210 852 1315 917 studia
1338 875 1411 918 eon·

311 964 438 1048 terruit,
464 972 503 1046 et,
525 972 560 1027 ut
588 963 649 1028 fert
671 972 850 1049 temporum
874 963 1041 1045 moestitia,
1063 963 1237 1029 tristiorem
1270 973 1300 1028 et
1325 963 1413 1048 quasi

311 1072 484 1156 lugubrem
504 1070 646 1136 habitum
670 1070 802 1134 orationi
835 1079 963 1135 nostrae
996 1070 1215 1136 circumdedit.
1260 1069 1311 1136 Ne
1333 1093 1412 1136 vero

312 1202 397 1244 nunc
424 1180 464 1244 de
489 1179 628 1244 fontibus
653 1178 939 1244 ecclesiasticorum
962 1179 1166 1244 dissidiorum
1190 1180 1310 1245 dicam:
1344 1180 1410 1246 scio

313 1310 371 1352 nos
394 1290 433 1353 ab
453 1287 588 1352 inimicis
611 1287 761 1369 accusari,
781 1288 935 1351 adversus
959 1309 1038 1373 quos
1057 1286 1136 1351 mihi
1158 1288 1287 1373 quidem
1307 1289 1414 1375 perfa-

313 1397 380 1462 cilis
403 1407 450 1461 est
472 1405 503 1461 et
524 1397 665 1483 simplex
690 1397 845 1462 defensio.
874 1395 991 1460 Fateor
1016 1396 1135 1460 exortis
1159 1395 1413 1462 dissensionibus

313 1529 365 1570 me
387 1506 533 1571 comitem
559 1516 590 1571 et
607 1504 705 1570 fuisse
728 1515 759 1569 et
782 1526 852 1570 esse
874 1505 941 1570 eius
962 1506 1072 1590 partis,
1093 1526 1174 1590 quae
1198 1527 1250 1569 res
1271 1527 1366 1570 veras
1383 1513 1415 1571 et

314 1617 468 1682 eeclesiae
490 1617 686 1681 necessarias
708 1614 926 1702 patefaciebat.
955 1615 1034 1680 Dux
1059 1638 1129 1682 esse
1143 1638 1184 1681 ne
1204 1639 1265 1704 per
1280 1627 1415 1682 aetatem

314 1725 442 1810 quidem
474 1725 573 1811 potui.
617 1725 685 1792 Sed
718 1726 882 1790 adversari
913 1727 974 1812 piis
1005 1736 1035 1791 et
1055 1727 1200 1792 salutaria
1227 1727 1415 1792 docentibus

313 1855 378 1896 non
400 1832 559 1915 volebam,
583 1855 643 1899 uec
663 1833 725 1897 iam
747 1833 838 1898 aliter
859 1834 989 1899 sentio.“
1009 1834 1101 1901 Tunc
1121 1835 1215 1901 allata
1234 1836 1416 1901 narratione

312 1941 364 2006 illa
388 1941 429 2006 de
449 1941 594 2006 Aristide
608 1940 772 2025 Locrensi,
796 1943 859 2028 qni,
885 1943 1058 2009 crudeliter
1078 1944 1196 2010 necatis
1219 1943 1414 2029 aDionysio

313 2059 449 2134 tyranno
473 2049 558 2131 filiis,
581 2059 686 2114 tamen
709 2073 744 2114 se
766 2049 844 2116 recti
869 2051 990 2116 consilii
1014 2075 1079 2117 non
1100 2053 1267 2139 poenitere
1290 2054 1413 2140 profes-

314 2180 367 2221 sus
397 2168 460 2222 est:
507 2158 580 2239 „lta,
603 2158 715 2244 inquit,
740 2159 797 2224 etsi
820 2159 968 2242 vidimuS,
995 2171 1143 2246 quantam
1167 2161 1291 2226 ruinam
1318 2163 1416 2227 etiam

314 2265 511 2351 quarundam
533 2264 691 2332 bonar'um
710 2289 819 2332 rerum
841 2267 973 2333 traxerit
994 2268 1094 2334 civilis
1117 2270 1287 2352 discordia,
1309 2279 1416 2334 tamen

314 2374 378 2440 mei
400 2397 452 2440 me
473 2375 596 2441 consilii
619 2398 683 2439 non
703 2375 856 2462 poenitet.
894 2376 1016 2442 Haeret
1038 2378 1199 2444 discordia
1219 2403 1285 2444 non
1306 2388 1415 2444 nostra

315 2482 409 2569 culpa
428 2484 488 2549 sed
509 2483 633 2549 scelere
656 2505 776 2565 eorum,
808 2484 861 2571 qui
881 2485 1120 2551 illucescentem
1142 2488 1307 2552 veritatem
1328 2488 1415 2552 ferre

315 2602 505 2678 nequeunt.“
542 2593 692 2672 „Nostrae
716 2616 793 2660 vcro
815 2595 988 2660 sententias
1010 2595 1109 2660 fnisse
1130 2597 1322 2680 moderatas,
1347 2606 1418 2662 acta

314 2701 442 2788 publica
461 2702 503 2766 ad
526 2723 653 2767 omnem
676 2704 894 2789 posteritatem
913 2707 1126 2786 testabuntur;
1148 2706 1240 2771 toties
1263 2707 1417 2792 flagitavi-

315 2835 385 2876 mus
407 2834 517 2877 veram
538 2812 805 2896 diiudicationem,
827 2813 919 2878 toties
941 2814 1012 2901 ipse
1032 2816 1174 2901 supplex
1195 2817 1283 2880 oravi
1302 2827 1414 2904 poten-

315 2929 362 2985 tes
390 2930 425 2985 ut
453 2921 546 2985 saluti
577 2921 730 2988 ecclesiae
760 2924 980 3004 consulerent;
1015 2924 1072 2988 sed
1101 2926 1196 3010 plane
1221 2924 1306 2989 visus
1332 2949 1414 3007 sum,

315 3039 351 3092 ut
373 3029 471 3094 estin
491 3028 617 3096 Graeco
640 3054 752 3114 versu,
779 3041 815 3096 ut
836 3032 925 3098 navis
950 3042 1094 3118 quassata
1114 3034 1267 3120 procellis
1290 3035 1412 3122 suppli-

317 3161 389 3203 care
412 3140 572 3224 scopulis“
583 3141 620 3227 ¹).
1146 3153 1151 3162 ’

355 3247 393 3311 ln
415 3248 464 3313 his
488 3249 633 3315 omnibus
655 3247 800 3333 theologi
821 3249 1042 3314 certaminibus
1064 3249 1231 3335 ingenium
1254 3251 1338 3315 omni
1356 3250 1413 3315 hu·

314 3358 495 3422 maniorum
519 3357 697 3423 studiorum
718 3379 842 3444 genere
867 3359 1030 3424 excultum
1052 3381 1154 3445 oeque
1171 3360 1298 3442 sentias,
1321 3369 1416 3445 atque

314 3467 347 3530 in
371 3466 489 3532 cunctis
511 3467 570 3530 viri
596 3467 711 3534 eruditi
734 3466 898 3534 laboribus
936 3467 976 3532 ad
999 3467 1230 3534 diversissimas
1256 3469 1415 3534 doctrinas

314 3563 529 3662 spectantibus
550 3576 765 3642 Christianum
788 3586 823 3640 ut
848 3579 890 3640 ita
911 3576 1015 3642 dicam
1037 3586 1159 3661 pectus.
1182 3577 1292 3658 Quare
1315 3577 1341 3642 si
1358 3576 1417 3645 Se-

313 3706 393 3749 neca
417 3683 550 3749 difficile
572 3707 642 3750 esse
659 3685 743 3768 dicit,
758 3708 855 3749 unum
875 3685 1040 3749 hominem
1061 3707 1161 3772 agere
1177 3686 1245 3750 sive
1258 3685 1306 3750 sui
1328 3708 1411 3752 sem·

321 3793 534 3880 persimilem
559 3815 641 3876 esse,
661 3793 896 3876 Melanchthon,
918 3794 993 3860 licet
1013 3795 1069 3858 vix
1084 3795 1163 3858 alius
1179 3795 1334 3882 quispiam
1353 3819 1417 3860 ma-

314 3902 383 3968 iore
405 3901 584 3967 studiorum
607 3911 638 3967 et
653 3903 896 3988 occupationum
910 3903 1061 3968 varietate
1076 3904 1242 3970 distractus
1257 3904 1416 3988 videatur,

315 4022 466 4098 quantum
501 4013 630 4099 quidem
664 4011 748 4078 inter
775 4013 926 4078 mortales
963 4012 1036 4078 fieri
1064 4022 1178 4099 potest,
1207 4035 1287 4079 vere
1316 4035 1416 4078 unum

366 4248 584 4321 1)1V320.111
605 4248 675 4305 11111
693 4265 749 4318 aq.
768 4247 806 4302 rv
825 4247 886 4304 716.
905 4265 962 4316 aq.
982 4214 1046 4304 111.
