3186 5090
761 365 801 430 at

228 547 281 628 tia,
303 547 365 612 hoe
398 547 537 613 estsine
569 547 624 612 illa
652 555 728 629 arte,
760 547 876 613 idonea
898 549 1096 635 temporibus
1125 569 1162 614 ac
1185 550 1332 636 personis

226 680 299 721 cum
318 656 422 742 aliqua
444 656 599 742 singulari
624 656 776 722 suavitate
798 656 934 722 dicendi.
985 657 1099 722 Fuisse
1121 665 1226 722 autem
1246 658 1329 746 sapi·

227 765 343 830 entiam
364 765 396 828 in
415 765 581 852 prophetis
596 765 821 847 excellentem,
837 765 1024 853 magnitudo
1039 788 1147 831 rerum
1165 775 1328 853 gestarum

227 875 374 939 ostendit.
401 875 510 956 Quare
531 897 574 938 ne
596 874 713 960 putetis
738 897 848 940 eorum
873 875 1048 940 orationem
1070 875 1224 940 insulsam
1238 897 1327 955 osse3

225 982 286 1048 sed
307 992 343 1048 ut
363 983 520 1070 picturam
543 983 674 1069 longius
697 983 832 1070 positam
855 983 996 1048 iudicare
1019 982 1179 1049 difficilius
1203 993 1268 1065 est,
1290 983 1333 1048 itu

225 1090 328 1179 ignari
349 1111 459 1156 rerum
485 1091 638 1156 eeclesiae
661 1113 725 1156 non
752 1091 826 1156 satis
857 1091 976 1173 vident,
1008 1114 1102 1177 quam
1133 1092 1274 1158 illustres
1298 1093 1330 1157 et

225 1201 337 1266 dulces
362 1199 519 1286 imagines
541 1210 722 1287 proponant
744 1201 952 1288 prophetae.“
985 1201 1072 1281 ,Hae
1094 1200 1251 1266 maximae
1273 1223 1327 1268 res

224 1311 324 1396 longe
345 1319 499 1396 superant
527 1309 674 1388 materias
703 1309 970 1374 Demosthenieas
994 1319 1026 1374 et
1046 1309 1273 1376 Ciceronianas
1298 1320 1329 1376 et

224 1419 413 1504 magnitudo
445 1441 554 1482 rerum
584 1418 690 1504 gignit
720 1418 922 1505 splendidam
945 1419 1121 1484 orationem
1143 1419 1228 1505 apud
1249 1441 1323 1506 pro-

224 1528 355 1616 phetas,
383 1527 436 1612 qui
460 1549 557 1612 quum
579 1526 640 1590 sint
661 1525 721 1590 viri
743 1527 914 1612 sapientes,
935 1526 1015 1591 mira
1036 1527 1109 1592 luee
1132 1536 1163 1590 et
1184 1526 1327 1612 emphasi

224 1639 396 1702 verborum
426 1637 482 1703 has
512 1657 565 1700 res
590 1634 744 1700 maximas
777 1642 971 1722 exponunt.“
1024 1636 1085 1701 Hie
1108 1657 1236 1723 quoque
1260 1658 1324 1702 non

226 1768 322 1834 posse
340 1747 381 1810 de
396 1746 578 1831 eloquentia
601 1745 671 1810 ficri
692 1745 843 1812 iudicium
865 1745 1024 1826 admonet,
1049 1745 1110 1810 nisi
1129 1767 1189 1826 ,ex
1210 1765 1326 1831 perpe·

224 1865 279 1920 tua
293 1854 435 1920 oratioue
450 1863 481 1918 et
503 1853 636 1939 integris
659 1853 902 1918 voluminibus!
926 1853 1055 1918 Alicuhi
1072 1852 1231 1918 Davidem
1251 1852 1327 1917 dieit

227 1985 334 2051 neque
356 1964 390 2028 in
412 1963 563 2044 carmine,
596 1961 692 2048 quod,
717 1971 752 2028 ut
783 1962 816 2026 in
845 1963 903 2027 ista
933 1962 1054 2049 lingua,
1087 1983 1163 2026 vere
1187 1961 1329 2026 Atticum

223 2074 402 2158 sitneque
433 2073 466 2136 in
493 2072 659 2160 republica
687 2072 898 2158 gubernanda
929 2071 1059 2139 Graecis
1088 2070 1216 2136 cedere.
1268 2069 1326 2152 ,Et

222 2183 318 2247 hahet
342 2182 529 2262 anchoram,
555 2203 617 2266 qua
649 2205 738 2246 suam
761 2180 867 2244 navim
898 2180 991 2244 etiam
1014 2187 1191 2266 quassatam
1223 2178 1324 2243 ventis

226 2299 257 2356 et
271 2290 417 2356 fiuctibus
433 2299 548 2372 servet,
559 2291 700 2376 ignotam
709 2288 1043 2370 Themistocli,Pericli
1058 2297 1090 2352 et
1104 2287 1323 2374 similibus“¹).

265 2398 407 2464 Transeo
433 2399 473 2462 ad
496 2421 542 2481 ea,
565 2419 646 2484 quae
676 2397 708 2462 in
728 2398 933 2485 philosophia
953 2397 1176 2462 Melanehthon
1194 2396 1324 2482 praesti-

222 2509 267 2589 tit,
291 2507 519 2576 adumbranda.
574 2509 666 2590 Quae
692 2529 791 2593 quum
814 2507 916 2593 magis
943 2516 1016 2572 nota
1039 2507 1117 2586 siut,
1141 2505 1268 2570 brevior
1288 2506 1322 2570 in

222 2618 261 2683 iis
285 2639 355 2684 esse
380 2641 523 2705 possum.
574 2617 683 2699 Quum
708 2617 791 2682 enim
814 2617 944 2705 plurimi
973 2625 1004 2680 et
1032 2615 1208 2680 litterarum
1232 2615 1327 2681 amici

223 2737 254 2792 et
277 2726 437 2812 evangelii
466 2735 725 2814 propugnatores
756 2725 980 2806 Aristotelem,
1003 2733 1077 2812 post
1104 2725 1232 2790 fractam
1256 2724 1324 2790 diu·

222 2845 349 2900 turnam
373 2836 441 2900 eius
462 2837 495 2899 in
511 2835 628 2900 scholis
651 2833 865 2920 tyrannidem,
888 2856 1012 2898 summa
1033 2833 1254 2920 immeritoque
1277 2834 1323 2899 in·

221 2944 304 3008 iuria
322 2943 495 3024 afficerent,
518 2944 741 3009 Melanchthou
764 2943 995 3009 celeberrimus
1012 2963 1051 3009 eo
1066 2953 1213 3031 tempore
1229 2953 1324 3030 atque

224 3053 428 3119 felicissimus
458 3053 544 3118 illius
577 3053 730 3118 defensor
756 3054 891 3135 exstitit,
923 3054 977 3139 qui
1001 3077 1128 3120 causam
1158 3053 1226 3119 eius
1255 3063 1287 3118 et
1306 3077 1326 3118 a

223 3161 420 3228 scholasticis
443 3163 576 3250 argutiis
599 3162 798 3249 seiungeret,
821 3172 853 3227 et
871 3185 942 3228 eum
957 3161 1197 3227 humanioribus
1213 3161 1324 3228 studiis

223 3272 397 3338 arctissime
419 3273 630 3359 copularet).
659 3272 757 3338 Hunc
779 3272 928 3337 divinitus
952 3271 1121 3336 excitatum
1145 3291 1217 3336 esse
1241 3271 1324 3352 dicit,

224 3391 258 3446 ut
279 3382 368 3444 firma
397 3389 492 3466 atque
515 3391 672 3468 perpetua
699 3382 818 3446 iaceret
850 3380 951 3446 omnis
981 3381 1140 3447 humanae
1172 3380 1322 3446 scientiae

226 3490 441 3555 fundamenta.
495 3489 621 3571 ,Quum
645 3489 729 3556 enim
761 3498 880 3572 natura,
905 3489 1016 3576 inquit,
1043 3489 1228 3576 contigisset
1249 3490 1324 3555 nri-

223 3601 330 3665 stoteli
362 3601 502 3665 omnium
535 3600 774 3687 disciplinarum
805 3621 916 3687 capax,
945 3621 1064 3686 magna
1085 3591 1170 3666 haec
1191 3599 1324 3665 felicitas

224 3709 292 3790 fuit,
314 3708 401 3794 quod
421 3699 560 3797 primum
591 3708 765 3774 domestica
787 3709 984 3774 institutione
1009 3709 1177 3795 ingenium
1200 3710 1323 3774 exerci-

224 3827 321 3882 tatum
345 3827 376 3883 et
395 3829 618 3907 praeparatum
644 3827 701 3900 est,
725 3818 842 3883 deinde
865 3819 952 3904 quod
970 3817 1102 3884 accessit
1123 3819 1324 3905 praestantis-

225 3928 323 3994 simus
348 3928 501 4014 magister
524 3929 630 4010 Plato,
661 3929 714 4014 qui
735 3928 1115 4000 naturam.felieissimam
1136 3928 1323 4015 perpoliret.

281 4166 307 4235 1)
326 4165 365 4219 XI
381 4167 442 4221 875.
464 4165 525 4220 714.
545 4164 584 4219 ΙΧ
602 4165 662 4222 697.
680 4165 719 4218 ΧΙ
738 4166 798 4220 876.
821 4165 856 4220 cf.
873 4163 963 4220 XXIV
983 4165 1043 4221 736.

286 4261 313 4331 2)
331 4262 370 4318 Gt.
390 4261 624 4332 Trendelenburg,
644 4259 1124 4332 GesehiehtederKategorienlehre
1136 4278 1163 4330 p.
1174 4261 1323 4320 aea-254.
