3186 5090
744 397 784 464 31

207 559 310 669 ¹atque
337 582 602 668 proveherentur,
627 601 666 645 ea
685 587 788 645 aetate
809 579 864 644 vix
887 579 1054 667 quisquam
1074 579 1196 647 naaiore
1220 601 1315 666 quam

213 691 438 758 Melanehthon
463 691 515 756 vel
536 690 651 756 ardore
673 689 727 754 vel
751 711 902 756 successu
928 687 1057 755 efficere
1078 688 1245 756 nitebatur.
1275 689 1316 755 Et

212 800 284 866 illas
304 801 434 887 quidem
456 800 632 866 arctissime
655 798 899 885 coniungendas
922 820 995 864 esse
1011 798 1090 864 vidit
1106 822 1178 864 cum
1194 800 1314 864 mathe-

214 912 344 993 maticis,
368 912 488 999 quippe
511 933 594 998 quae
616 919 815 977 nontantum
831 909 872 974 ad
887 907 949 974 rite
967 907 1202 974 diiudicandum
1220 931 1315 974 omne

214 1021 366 1086 scientiae
396 1041 502 1106 genus
537 1019 654 1106 optima
684 1018 817 1105 ingenia
846 1026 958 1084 acuant
984 1027 1079 1103 atque
1109 1027 1314 1105 praeparent,

214 1131 273 1196 sed
298 1130 390 1194 etiam
412 1129 445 1194 in
463 1128 687 1213 cognoscenda
708 1139 819 1192 natura
841 1126 960 1192 auxilie
982 1126 1054 1208 sint,
1078 1148 1141 1214 quo
1163 1149 1316 1194 sensuum

214 1238 397 1304 testimonia
420 1237 558 1323 quodam
580 1236 676 1302 modo
698 1236 881 1323 transgredi
902 1237 1013 1316 liceat;
1043 1259 1152 1322 quare,
1175 1247 1317 1304 astrono-

213 1347 310 1414 miam
332 1346 471 1414 maxime
498 1356 655 1433 spectans,
685 1345 912 1412 arithmeticam
936 1354 967 1410 et
994 1344 1202 1432 geometriam
1234 1347 1316 1429 ,alas

214 1459 374 1523 humanae
400 1456 531 1522 mentis“
551 1455 708 1531 nominat3
729 1455 815 1536 ,sine
836 1453 873 1520 iis
888 1455 1054 1542 physicam
1071 1455 1212 1520 mutilam
1229 1462 1317 1521 esse“

214 1566 307 1648 aitl).
350 1565 483 1631 Plurimi
505 1565 588 1646 libri,
613 1574 644 1631 et
672 1564 713 1628 ad
744 1564 927 1652 disciplinas
949 1565 1184 1630 mathematicas
1216 1574 1248 1630 et
1276 1567 1317 1630 ad

216 1698 311 1740 omne
335 1697 440 1759 genus
465 1673 627 1739 doctrinae
656 1673 808 1759 physicae
839 1674 1048 1760 pertinentes,
1070 1677 1109 1740 ab
1144 1675 1317 1740 eruditissi-

216 1786 276 1850 mis
311 1785 387 1850 viris
419 1783 495 1849 editi
527 1792 600 1848 sunt
628 1806 700 1847 cum
733 1783 984 1848 Melanchthonis
1019 1784 1267 1870 praefationibus
1278 1785 1316 1871 ²),

216 1904 328 1982 utpote
351 1915 432 1980 qaae
456 1891 614 1958 eiusmodi
643 1891 794 1979 operibus
817 1915 881 1956 non
912 1893 1027 1975 minus,
1054 1917 1148 1978 quam
1180 1875 1315 1982 philolo·

218 2002 298 2090 gieis
332 2003 384 2066 vel
418 2000 619 2086 theologicis,
656 2000 920 2066 commendationi
958 2011 989 2067 et
1023 2012 1208 2069 ornamento
1245 2024 1317 2068 esse

218 2113 485 2178 existimarentur.
530 2109 643 2195 Neque
674 2109 788 2176 iniuria
816 2121 1008 2199 praeceptor
1039 2112 1094 2177 ille
1126 2110 1317 2178 Germaniae

218 2223 313 2288 etiam
336 2221 370 2285 in
392 2221 442 2285 his
473 2218 586 2284 studiis
617 2241 682 2284 non
715 2219 830 2284 leviter
860 2240 931 2285 esse
963 2229 1106 2286 versatus
1139 2223 1317 2308 putabatur.

218 2331 320 2399 Cuius
342 2329 390 2395 rei
414 2329 604 2394 documenta
625 2351 689 2394 non
712 2330 816 2394 solum
838 2329 871 2393 in
892 2329 985 2411 libro,
1003 2351 1099 2416 quem
1117 2330 1157 2395 de
1177 2330 1317 2396 elemen-

218 2443 257 2506 tis
279 2440 441 2527 physices,
467 2439 553 2503 etin
586 2459 625 2504 eo
647 2459 743 2524 quem
778 2438 820 2503 dc
841 2437 944 2502 anima
976 2439 1153 2526 composuit
1188 2437 1234 2523 (in
1255 2439 1319 2504 hoc

219 2552 304 2616 enim
336 2547 545 2618 Aristotelem
585 2555 712 2612 secutus
757 2547 959 2632 quaestiones
996 2571 1072 2634 quas
1118 2571 1202 2613 nunc
1232 2549 1319 2614 aiunt

217 2661 459 2748 physiologicas
492 2661 619 2748 attigit),
654 2661 712 2726 sed
747 2659 839 2726 otiam
871 2661 904 2724 in
937 2659 1044 2724 multis
1078 2660 1213 2725 aliorum
1247 2660 1317 2725 eius

218 2769 409 2858 scriptorum
431 2771 510 2836 loeis
541 2779 670 2859 praesto
703 2779 785 2834 sunt.
841 2768 960 2834 Vesalii
986 2769 1144 2833 theatrum
1167 2770 1318 2835 anatomi-

218 2901 291 2943 eum
324 2901 359 2945 se
393 2878 538 2944 visitasse
572 2888 678 2944 narrat
688 2881 726 2965 ³).
780 2880 862 2944 Cum
896 2879 1076 2966 Crueigero
1110 2881 1319 2945 instrumenta

217 2988 429 3053 astronomica
450 2988 645 3066 construxit;
679 2987 717 3052 iis
738 2986 885 3052 adhibitis
909 2996 941 3052 et
965 2989 1159 3074 Vitobergae
1182 2988 1318 3052 latitudi-

218 3117 292 3160 nem
313 3096 409 3182 primi
435 3097 686 3184 exploraverunt
709 3104 741 3160 et
762 3096 877 3160 multas
900 3097 1138 3162 observationes
1160 3098 1316 3177 iecerunt,

217 3205 350 3292 ,quibus
373 3206 476 3287 moti“,
498 3215 533 3271 ut
553 3206 623 3294 ipsa
644 3206 694 3287 ait,
737 3203 970 3292 ,Cepernioum
993 3204 1097 3292 magis
1119 3205 1268 3271 admirari
1289 3215 1320 3269 et

218 3337 326 3381 amare
358 3318 618 3403 coeperunea„
649 3315 754 3381 Huius
776 3337 855 3380 vero
887 3339 1006 3381 novum
1037 3315 1146 3381 mundi
1180 3323 1320 3401 systema

218 3425 306 3512 quod
327 3434 440 3513 postea
460 3425 603 3506 innotuit,
626 3425 903 3490 Melanehthonem
924 3446 988 3490 non
1009 3426 1164 3512 probasse
1188 3432 1318 3489 constat.

220 3534 376 3619 Systema
397 3533 627 3599 Ptolemaeium
650 3533 779 3598 retinuit
799 3534 892 3600 simul
914 3557 985 3599 oum
1008 3533 1216 3619 astrologicis,
1241 3555 1321 3619 quos

274 3795 299 3863 1)
318 3794 357 3847 XI
376 3795 436 3849 088.
455 3793 495 3848 Oi.
513 3793 566 3848 VII
584 3795 645 3850 500.
665 3795 802 3848 Camerar.
820 3795 879 3849 vita
896 3795 961 3848 Mel.
982 3813 1009 3863 p.
1028 3795 1071 3848 70.

273 3889 300 3958 2)
319 3887 445 3944 Sufficiat
462 3889 515 3943 hoe
533 3889 595 3944 loco
614 3888 713 3944 afferre
732 3890 917 3958 praefationes
935 3888 1157 3942 Melanohthonis
1176 3889 1212 3942 ad
1235 3907 1320 3958 opera

218 3986 405 4040 astronomica
423 3985 540 4056 scriptas
569 3985 597 4039 0.
615 3985 648 4039 R.
668 3985 695 4038 II
713 3988 775 4042 530.
793 3985 855 4040 814.
879 3985 919 4038 III
937 3987 997 4040 115.
1015 3986 1078 4041 400.
1103 3985 1154 4039 VII
1172 3986 1233 4042 405.
1258 3989 1318 4042 950.

218 4081 283 4135 VIII
301 4083 344 4136 61.

273 4179 299 4245 3)
319 4176 347 4230 0.
364 4176 396 4230 R.
416 4176 505 4230 XXIV
523 4179 583 4233 869,

272 4271 298 4340 4)
317 4271 356 4325 ΧΙ
374 4273 435 4328 839.
