3186 5090
869 384 889 445 2

325 557 375 622 ius
396 581 489 623 suum
510 560 697 642 restituere,
720 561 879 652 ambiguis
908 561 1156 649 proprietatem,
1181 564 1324 632 obscuris
1355 566 1433 631 dcli-

328 667 447 732 niendo
471 677 503 732 ct
534 668 726 755 explicando
756 669 860 734 lucem
891 674 1077 756 praebere.“
1089 673 1113 759 ¹)
1166 672 1258 753 Quae
1290 675 1434 761 quamvis

328 779 471 864 profecto
495 777 604 862 magni
635 779 742 843 facere
773 779 953 862 conveniat,
978 790 1085 845 tamen
1117 805 1187 846 enm
1212 782 1319 847 divina
1339 792 1435 870 atque

327 888 483 955 creatrice
507 888 628 974 ingenii
652 890 694 971 ri,
718 891 843 975 qualern
879 891 911 954 in
940 890 1083 957 Luthero
1117 891 1287 956 admiratus
1313 891 1435 957 Melan-

328 999 445 1064 ohthon
467 998 527 1063 sibi
551 1001 621 1086 ipse
633 1021 675 1063 nc
687 1000 817 1064 minimo
831 1001 961 1085 quidem
977 1001 1148 1087 arrogavit,
1165 1001 1219 1066 illa
1232 1024 1297 1067 non
1313 1024 1429 1088 acqua-

325 1107 440 1173 bimus.
463 1107 504 1171 Et
526 1098 630 1172 simile
654 1108 773 1193 aliquid
795 1112 835 1174 de
857 1101 1023 1192 omnibus,
1044 1103 1125 1195 quac
1148 1111 1373 1176 Melonehthon
1397 1113 1431 1176 in

324 1216 440 1283 ceteris
464 1207 620 1282 humanae
641 1217 792 1287 scientiae
814 1217 958 1303 partibus
983 1219 1117 1304 egregia
1144 1219 1309 1306 praestitit,
1338 1220 1433 1285 nobis

328 1328 500 1394 dicendum
523 1329 592 1392 erit.
615 1327 786 1393 'Heroicis
808 1329 946 1409 naturis,
972 1321 1038 1414 perv
1055 1323 1131 1414 quas
1163 1330 1311 1418 ingentes
1333 1329 1431 1394 inter·

325 1436 402 1501 dum
425 1425 609 1521 subitasque
627 1436 722 1500 etiam
738 1436 852 1502 artium
874 1427 1150 1523 doctrinarumque
1171 1438 1360 1502 mutationes
1386 1437 1433 1502 di·

322 1546 440 1611 vinitus
462 1545 533 1611 fieri
556 1567 688 1611 monere
704 1545 796 1628 solet,
818 1566 876 1610 suo
890 1546 958 1610 iure
976 1568 1012 1611 se
1030 1545 1135 1630 ipsum
1155 1567 1219 1610 non
1233 1547 1431 1612 adnumeret.

366 1655 435 1724 Sed
459 1655 553 1740 datur
587 1655 649 1720 alia
669 1655 906 1720 reformationis
928 1655 1026 1737 ratio,
1054 1677 1114 1740 qua
1143 1677 1208 1720 non
1229 1656 1351 1743 ingenii
1373 1649 1431 1722 h'e-

305 1764 412 1832 ¹roico
437 1750 583 1850 quodam
600 1765 721 1850 impetu
751 1773 845 1851 atque
874 1763 966 1849 regia
987 1765 1018 1827 vi
1040 1763 1204 1830 hominum
1229 1765 1326 1830 animi
1347 1765 1432 1831 abri-

322 1874 454 1960 piuntur
477 1883 508 1937 ot
530 1882 735 1958 occupantur,
759 1873 816 1938 sed
841 1873 929 1957 quasi
948 1861 1102 1959 Orpheici
1125 1874 1288 1939 cuiusdam
1310 1884 1430 1957 cantus,

321 2005 383 2070 per
418 1984 516 2069 longa
536 1981 718 2069 temporum
742 1983 842 2069 spatia
871 1969 1026 2065 sonantis,
1056 1983 1243 2048 suavissima
1264 1983 1432 2048 harmonia

323 2091 519 2175 alliciuntur,
544 2093 747 2176 fascinantur,
778 2094 811 2158 in
832 2095 946 2160 melius
979 2103 1148 2160 mutantur.
1190 2095 1359 2160 Eiusmodi
1379 2117 1431 2160 re-

323 2203 562 2285 formationem,
587 2202 627 2266 ad
661 2224 771 2268 omnes
793 2203 970 2268 litterarum
994 2189 1177 2288 disciplinas
1201 2192 1428 2290 pertinentem,

325 2311 608 2377 aMelanchthone
630 2312 805 2397 profectam
831 2331 902 2376 esse
926 2295 1155 2377 contendimus
1177 2311 1245 2376 lam
1270 2320 1362 2376 antea
1382 2311 1429 2376 ni-

318 2421 434 2485 mirum
462 2421 665 2486 classicorum
694 2443 775 2506 quae
803 2421 890 2488 aiunt
911 2407 1090 2487 studiorum
1120 2421 1318 2487 restitutores
1340 2410 1420 2488 rern-

321 2533 483 2628 puonam
500 2534 656 2618 quandam
676 2533 861 2598 litterariam
874 2533 968 2620 primi
989 2513 1209 2616 conciuerant,
1227 2534 1259 2598 n
1281 2544 1328 2599 aa
1347 2533 1422 2598 rsa-

320 2665 393 2706 rum
415 2643 613 2708 eruditorum
633 2642 800 2707 hominum
825 2641 1024 2737 sodalitium,
1048 2644 1132 2730 quod
1163 2666 1227 2708 non
1260 2652 1425 2708 externam

322 2751 375 2815 vel
398 2749 553 2816 ecclesiae
575 2751 629 2815 vel
652 2749 811 2816 civitatum
837 2751 1053 2816 auctoritatem
1076 2752 1134 2816 scd
1155 2751 1301 2839 proprias
1325 2751 1425 2816 scien-

322 2861 386 2926 tiae
407 2860 499 2945 leges
526 2859 678 2945 sequitur.
712 2860 750 2924 Id
771 2882 850 2924 vero
872 2859 955 2925 inter
975 2859 1072 2925 Italos
1094 2861 1304 2927 ineruditam
1326 2870 1362 2924 ut
1381 2860 1427 2926 ita

322 2967 425 3034 dicam
447 2967 691 3051 aristocratiam,
714 2991 733 3034 a
755 2967 976 3035 communibus
996 2970 1174 3060 praesentis
1199 2970 1282 3050 vitae
1313 2971 1425 3035 officiis

318 3077 546 3162 laboribusque
574 3061 783 3144 abalienatam
811 3085 843 3140 et
870 3076 904 3140 in
933 3079 1129 3164 recuperatis
1164 3099 1205 3143 ex
1238 3059 1423 3162 antiquitate

320 3185 443 3272 ingenii
465 3186 622 3252 thesauris
645 3186 726 3280 nihil
751 3185 811 3250 nisi
847 3186 1045 3253 subtiliorem
1079 3167 1276 3274 voluptatem
1307 3185 1425 3274 Epicu-

320 3316 377 3359 reo
392 3317 481 3360 more
495 3303 700 3379 quaerentem
716 3304 810 3380 atque
831 3303 1051 3380 aucupantem,
1065 3295 1169 3381 magis
1181 3295 1348 3382 magisque
1365 3295 1420 3360 de-

321 3413 543 3490 generaverat.
594 3401 697 3470 Simul
717 3404 750 3467 in
775 3424 812 3468 eo
833 3404 1039 3490 paganismus
1064 3403 1192 3489 qnidam
1215 3403 1268 3469 vel
1291 3403 1424 3468 frivolus

319 3515 421 3598 atque
440 3511 622 3578 immundus
645 3512 699 3576 vel
719 3513 831 3578 saltem
860 3511 996 3598 frigidus
1029 3513 1206 3578 inoleverat
1234 3521 1265 3578 et
1294 3533 1424 3599 perere·

318 3621 441 3703 buerat,
474 3621 543 3708 qui,
567 3621 758 3686 sacerdotali
786 3622 974 3687 vestimento
997 3630 1115 3704 tectus,
1138 3623 1212 3708 plus
1235 3621 1335 3686 semel
1357 3621 1422 3686 Ro-

318 3743 435 3797 manae
459 3730 565 3796 curiae
587 3730 725 3816 negocia
747 3729 912 3817 suscipere
933 3753 998 3796 non
1027 3731 1190 3796 dubitavit.
1232 3729 1321 3795 lntcr
1340 3728 1423 3796 Ger-

321 3861 431 3904 manos
446 3839 478 3921 ii,
502 3841 557 3926 ¹qui
578 3839 731 3906 Italorum
751 3839 888 3927 vestigia
909 3849 1093 3927 prementes
1112 3840 1317 3930 humaniores
1340 3839 1423 3903 litte-

318 3965 370 4012 ras
394 3947 557 4030 colebant,
582 3967 653 4014 eum
674 3947 842 4034 religionis
873 3947 1061 4014 christianae
1082 3947 1188 4014 studio
1215 3969 1269 4014 cas
1292 3946 1422 4042 conium}

372 4187 398 4256 1)
417 4165 511 4240 Verba
527 4183 694 4241 Winshemii
718 4185 748 4239 in
772 4185 898 4241 oratione
923 4181 1041 4240 funebri.
1075 4184 1180 4254 Corpus
1199 4181 1425 4240 Reformatorem

319 4280 381 4337 Vol.
399 4281 425 4335 X
443 4301 471 4352 p.
493 4283 553 4338 194.
